@ARTICLE{2014arXiv1403.1652C,
   author = {{Chuss}, D.~T. and {Eimer}, J.~R. and {Fixsen}, D.~J. and {Hinderks}, J. and 
	{Kogut}, A.~J. and {Lazear}, J. and {Mirel}, P. and {Switzer}, E. and 
	{Voellmer}, G.~M. and {Wollack}, E.~J.},
    title = "{Variable-delay Polarization Modulators for Cryogenic Millimeter-wave Applications}",
  journal = {ArXiv e-prints},
archivePrefix = "arXiv",
   eprint = {1403.1652},
 primaryClass = "astro-ph.IM",
 keywords = {Astrophysics - Instrumentation and Methods for Astrophysics},
     year = 2014,
    month = mar,
   adsurl = {http://adsabs.harvard.edu/abs/2014arXiv1403.1652C},
  adsnote = {Provided by the SAO/NASA Astrophysics Data System}
}

@ARTICLE{2014MNRAS.tmp..231M,
   long_author = {{Marsden}, D. and {Gralla}, M. and {Marriage}, T.~A. and {Switzer}, E.~R. and 
	{Partridge}, B. and {Massardi}, M. and {Morales}, G. and {Addison}, G. and 
	{Bond}, J.~R. and {Crichton}, D. and {Das}, S. and {Devlin}, M. and 
	{D{\"u}nner}, R. and {Hajian}, A. and {Hilton}, M. and {Hincks}, A. and 
	{Hughes}, J.~P. and {Irwin}, K. and {Kosowsky}, A. and {Menanteau}, F. and 
	{Moodley}, K. and {Niemack}, M. and {Page}, L. and {Reese}, E.~D. and 
	{Schmitt}, B. and {Sehgal}, N. and {Sievers}, J. and {Staggs}, S. and 
	{Swetz}, D. and {Thornton}, R. and {Wollack}, E.},
   author = {{Marsden}, D. and {Gralla}, M. and {Marriage}, T.~A. and {Switzer}, E.~R. and ACT Collaboration},
    title = "{The Atacama Cosmology Telescope: dusty star-forming galaxies and active galactic nuclei in the Southern survey}",
  journal = {\mnras},
archivePrefix = "arXiv",
   eprint = {1306.2288},
 primaryClass = "astro-ph.CO",
 keywords = {methods: numerical, surveys, galaxies: active, galaxies: high-redshift},
     year = 2014,
    month = feb,
      doi = {10.1093/mnras/stu001},
   adsurl = {http://adsabs.harvard.edu/abs/2014MNRAS.tmp..231M},
  adsnote = {Provided by the SAO/NASA Astrophysics Data System}
}

@INPROCEEDINGS{2014AAS...22343905S,
   long_author = {{Switzer}, E. and {Ade}, P. and {Benford}, D.~J. and {Bennett}, C.~L. and 
	{Chuss}, D.~T. and {Dotson}, J.~L. and {Eimer}, J. and {Fixsen}, D.~J. and 
	{Halpern}, M. and {Hinshaw}, G.~F. and {Irwin}, K. and {Jhabvala}, C. and 
	{Johnson}, B. and {Kogut}, A.~J. and {Lazear}, J. and {Mirel}, P. and 
	{Moseley}, S.~H. and {Staguhn}, J. and {Tucker}, C.~E. and {Weston}, A. and 
	{Wollack}, E.},
   author = {{Switzer}, E. and PIPER Collaboration},
    title = "{The Primordial Inflation Polarization Explorer: Science from Circular Polarization Measurements}",
booktitle = {American Astronomical Society Meeting Abstracts},
     year = 2014,
   series = {American Astronomical Society Meeting Abstracts},
   volume = 223,
    month = jan,
    pages = {#439.05},
   adsurl = {http://adsabs.harvard.edu/abs/2014AAS...22343905S},
  adsnote = {Provided by the SAO/NASA Astrophysics Data System}
}

@INPROCEEDINGS{2014AAS...22343902L,
   long_author = {{Lazear}, J. and {Ade}, P. and {Benford}, D.~J. and {Bennett}, C.~L. and 
	{Chuss}, D.~T. and {Dotson}, J.~L. and {Eimer}, J. and {Fixsen}, D.~J. and 
	{Halpern}, M. and {Hinderks}, J. and {Hinshaw}, G.~F. and {Irwin}, K. and 
	{Jhabvala}, C. and {Johnson}, B. and {Kogut}, A.~J. and {Mirel}, P. and 
	{Moseley}, S.~H. and {Staguhn}, J. and {Switzer}, E. and {Tucker}, C.~E. and 
	{Weston}, A. and {Wollack}, E.},
   author = {{Lazear}, J. and PIPER Collaboration},
    title = "{PIPER: Primordial Inflation Polarization Explorer}",
booktitle = {American Astronomical Society Meeting Abstracts},
     year = 2014,
   series = {American Astronomical Society Meeting Abstracts},
   volume = 223,
    month = jan,
    pages = {#439.02},
   adsurl = {http://adsabs.harvard.edu/abs/2014AAS...22343902L},
  adsnote = {Provided by the SAO/NASA Astrophysics Data System}
}

@ARTICLE{2013ApJ...779...61M,
   long_author = {{Mocanu}, L.~M. and {Crawford}, T.~M. and {Vieira}, J.~D. and 
	{Aird}, K.~A. and {Aravena}, M. and {Austermann}, J.~E. and 
	{Benson}, B.~A. and {B{\'e}thermin}, M. and {Bleem}, L.~E. and 
	{Bothwell}, M. and {Carlstrom}, J.~E. and {Chang}, C.~L. and 
	{Chapman}, S. and {Cho}, H.-M. and {Crites}, A.~T. and {de Haan}, T. and 
	{Dobbs}, M.~A. and {Everett}, W.~B. and {George}, E.~M. and 
	{Halverson}, N.~W. and {Harrington}, N. and {Hezaveh}, Y. and 
	{Holder}, G.~P. and {Holzapfel}, W.~L. and {Hoover}, S. and 
	{Hrubes}, J.~D. and {Keisler}, R. and {Knox}, L. and {Lee}, A.~T. and 
	{Leitch}, E.~M. and {Lueker}, M. and {Luong-Van}, D. and {Marrone}, D.~P. and 
	{McMahon}, J.~J. and {Mehl}, J. and {Meyer}, S.~S. and {Mohr}, J.~J. and 
	{Montroy}, T.~E. and {Natoli}, T. and {Padin}, S. and {Plagge}, T. and 
	{Pryke}, C. and {Rest}, A. and {Reichardt}, C.~L. and {Ruhl}, J.~E. and 
	{Sayre}, J.~T. and {Schaffer}, K.~K. and {Shirokoff}, E. and 
	{Spieler}, H.~G. and {Spilker}, J.~S. and {Stalder}, B. and 
	{Staniszewski}, Z. and {Stark}, A.~A. and {Story}, K.~T. and 
	{Switzer}, E.~R. and {Vanderlinde}, K. and {Williamson}, R.},
   author = {{Mocanu}, L.~M. and {Crawford}, T.~M. and {Vieira}, J.~D. and SPT Collaboration},
    title = "{Extragalactic Millimeter-wave Point-source Catalog, Number Counts and Statistics from 771 deg$^{2}$ of the SPT-SZ Survey}",
  journal = {\apj},
archivePrefix = "arXiv",
   eprint = {1306.3470},
 primaryClass = "astro-ph.CO",
 keywords = {galaxies: high-redshift, submillimeter: galaxies, surveys},
     year = 2013,
    month = dec,
   volume = 779,
      eid = {61},
    pages = {61},
      doi = {10.1088/0004-637X/779/1/61},
   adsurl = {http://adsabs.harvard.edu/abs/2013ApJ...779...61M},
  adsnote = {Provided by the SAO/NASA Astrophysics Data System}
}

@ARTICLE{2013arXiv1311.6200H,
   long_author = {{Hand}, N. and {Leauthaud}, A. and {Das}, S. and {Sherwin}, B.~D. and 
	{Addison}, G.~E. and {Bond}, J.~R. and {Calabrese}, E. and {Charbonnier}, A. and 
	{Devlin}, M.~J. and {Dunkley}, J. and {Erben}, T. and {Hajian}, A. and 
	{Halpern}, M. and {Harnois-D{\'e}raps}, J. and {Heymans}, C. and 
	{Hildebrandt}, H. and {Hincks}, A.~D. and {Kneib}, J.-P. and 
	{Kosowsky}, A. and {Makler}, M. and {Miller}, L. and {Moodley}, K. and 
	{Moraes}, B. and {Niemack}, M.~D. and {Page}, L.~A. and {Partridge}, B. and 
	{Sehgal}, N. and {Shan}, H. and {Sievers}, J.~L. and {Spergel}, D.~N. and 
	{Staggs}, S.~T. and {Switzer}, E.~R. and {Taylor}, J.~E. and 
	{Van Waerbeke}, L. and {Wollack}, E.~J.},
   author = {{Hand}, N. and {Leauthaud}, A. and {Das}, S. and {Sherwin}, B.~D. and ACT Collaboration},
    title = "{First Measurement of the Cross-Correlation of CMB Lensing and Galaxy Lensing}",
  journal = {ArXiv e-prints},
archivePrefix = "arXiv",
   eprint = {1311.6200},
 primaryClass = "astro-ph.CO",
 keywords = {Astrophysics - Cosmology and Extragalactic Astrophysics},
     year = 2013,
    month = nov,
   adsurl = {http://adsabs.harvard.edu/abs/2013arXiv1311.6200H},
  adsnote = {Provided by the SAO/NASA Astrophysics Data System}
}

@ARTICLE{2013ApJS..209...17H,
   long_author = {{Hasselfield}, M. and {Moodley}, K. and {Bond}, J.~R. and {Das}, S. and 
	{Devlin}, M.~J. and {Dunkley}, J. and {D{\"u}nner}, R. and {Fowler}, J.~W. and 
	{Gallardo}, P. and {Gralla}, M.~B. and {Hajian}, A. and {Halpern}, M. and 
	{Hincks}, A.~D. and {Marriage}, T.~A. and {Marsden}, D. and 
	{Niemack}, M.~D. and {Nolta}, M.~R. and {Page}, L.~A. and {Partridge}, B. and 
	{Schmitt}, B.~L. and {Sehgal}, N. and {Sievers}, J. and {Staggs}, S.~T. and 
	{Swetz}, D.~S. and {Switzer}, E.~R. and {Wollack}, E.~J.},
   author = {{Hasselfield}, M. and {Moodley}, K. and ACT Collaboration},
    title = "{The Atacama Cosmology Telescope: Beam Measurements and the Microwave Brightness Temperatures of Uranus and Saturn}",
  journal = {\apjs},
archivePrefix = "arXiv",
   eprint = {1303.4714},
 primaryClass = "astro-ph.IM",
 keywords = {cosmology: observations, planets and satellites: individual: Saturn Uranus},
     year = 2013,
    month = nov,
   volume = 209,
      eid = {17},
    pages = {17},
      doi = {10.1088/0067-0049/209/1/17},
   adsurl = {http://adsabs.harvard.edu/abs/2013ApJS..209...17H},
  adsnote = {Provided by the SAO/NASA Astrophysics Data System}
}

@ARTICLE{2013JCAP...10..060S,
   long_author = {{Sievers}, J.~L. and {Hlozek}, R.~A. and {Nolta}, M.~R. and 
	{Acquaviva}, V. and {Addison}, G.~E. and {Ade}, P.~A.~R. and 
	{Aguirre}, P. and {Amiri}, M. and {Appel}, J.~W. and {Barrientos}, L.~F. and 
	{Battistelli}, E.~S. and {Battaglia}, N. and {Bond}, J.~R. and 
	{Brown}, B. and {Burger}, B. and {Calabrese}, E. and {Chervenak}, J. and 
	{Crichton}, D. and {Das}, S. and {Devlin}, M.~J. and {Dicker}, S.~R. and 
	{Bertrand Doriese}, W. and {Dunkley}, J. and {D{\"u}nner}, R. and 
	{Essinger-Hileman}, T. and {Faber}, D. and {Fisher}, R.~P. and 
	{Fowler}, J.~W. and {Gallardo}, P. and {Gordon}, M.~S. and {Gralla}, M.~B. and 
	{Hajian}, A. and {Halpern}, M. and {Hasselfield}, M. and {Hern{\'a}ndez-Monteagudo}, C. and 
	{Hill}, J.~C. and {Hilton}, G.~C. and {Hilton}, M. and {Hincks}, A.~D. and 
	{Holtz}, D. and {Huffenberger}, K.~M. and {Hughes}, D.~H. and 
	{Hughes}, J.~P. and {Infante}, L. and {Irwin}, K.~D. and {Jacobson}, D.~R. and 
	{Johnstone}, B. and {Baptiste Juin}, J. and {Kaul}, M. and {Klein}, J. and 
	{Kosowsky}, A. and {Lau}, J.~M. and {Limon}, M. and {Lin}, Y.-T. and 
	{Louis}, T. and {Lupton}, R.~H. and {Marriage}, T.~A. and {Marsden}, D. and 
	{Martocci}, K. and {Mauskopf}, P. and {McLaren}, M. and {Menanteau}, F. and 
	{Moodley}, K. and {Moseley}, H. and {Netterfield}, C.~B. and 
	{Niemack}, M.~D. and {Page}, L.~A. and {Page}, W.~A. and {Parker}, L. and 
	{Partridge}, B. and {Plimpton}, R. and {Quintana}, H. and {Reese}, E.~D. and 
	{Reid}, B. and {Rojas}, F. and {Sehgal}, N. and {Sherwin}, B.~D. and 
	{Schmitt}, B.~L. and {Spergel}, D.~N. and {Staggs}, S.~T. and 
	{Stryzak}, O. and {Swetz}, D.~S. and {Switzer}, E.~R. and {Thornton}, R. and 
	{Trac}, H. and {Tucker}, C. and {Uehara}, M. and {Visnjic}, K. and 
	{Warne}, R. and {Wilson}, G. and {Wollack}, E. and {Zhao}, Y. and 
	{Zunckel}, C.},
   author = {{Sievers}, J.~L. and {Hlozek}, R.~A. and {Nolta}, M.~R. and ACT Collaboration},
    title = "{The Atacama Cosmology Telescope: cosmological parameters from three seasons of data}",
  journal = {\jcap},
archivePrefix = "arXiv",
   eprint = {1301.0824},
 primaryClass = "astro-ph.CO",
     year = 2013,
    month = oct,
   volume = 10,
      eid = {060},
    pages = {60},
      doi = {10.1088/1475-7516/2013/10/060},
   adsurl = {http://adsabs.harvard.edu/abs/2013JCAP...10..060S},
  adsnote = {Provided by the SAO/NASA Astrophysics Data System}
}

@ARTICLE{2013arXiv1310.8281G,
   long_author = {{Gralla}, M.~B. and {Crichton}, D. and {Marriage}, T.~A. and 
	{Mo}, W. and {Aguirre}, P. and {Addison}, G.~E. and {Asboth}, V. and 
	{Battaglia}, N. and {Bock}, J. and {Bond}, J.~R. and {Devlin}, M.~J. and 
	{Dunner}, R. and {Hajian}, A. and {Halpern}, M. and {Hilton}, M. and 
	{Hincks}, A.~D. and {Hlozek}, R.~A. and {Huffenberger}, K.~M. and 
	{Hughes}, J.~P. and {Ivison}, R.~J. and {Kosowsky}, A. and {Lin}, Y.-T. and 
	{Marsden}, D. and {Menanteau}, F. and {Moodley}, K. and {Morales}, G. and 
	{Niemack}, M.~D. and {Oliver}, S. and {Page}, L.~A. and {Partridge}, B. and 
	{Reese}, E.~D. and {Rojas}, F. and {Sehgal}, N. and {Sievers}, J. and 
	{Sifon}, C. and {Spergel}, D.~N. and {Staggs}, S.~T. and {Switzer}, E.~R. and 
	{Viero}, M.~P. and {Wollack}, E.~J. and {Zemcov}, M.~B.},
   author = {{Gralla}, M.~B. and {Crichton}, D. and {Marriage}, T.~A. and 
	{Mo}, W. and ACT Collaboration},
    title = "{A Measurement of the Millimeter Emission and the Sunyaev-Zel'dovich Effect Associated with Low-Frequency Radio Sources}",
  journal = {ArXiv e-prints},
archivePrefix = "arXiv",
   eprint = {1310.8281},
 primaryClass = "astro-ph.CO",
 keywords = {Astrophysics - Cosmology and Extragalactic Astrophysics},
     year = 2013,
    month = oct,
   adsurl = {http://adsabs.harvard.edu/abs/2013arXiv1310.8281G},
  adsnote = {Provided by the SAO/NASA Astrophysics Data System}
}

@ARTICLE{2013MNRAS.434L..46S,
   long_author = {{Switzer}, E.~R. and {Masui}, K.~W. and {Bandura}, K. and {Calin}, L.-M. and 
	{Chang}, T.-C. and {Chen}, X.-L. and {Li}, Y.-C. and {Liao}, Y.-W. and 
	{Natarajan}, A. and {Pen}, U.-L. and {Peterson}, J.~B. and {Shaw}, J.~R. and 
	{Voytek}, T.~C.},
   author = {{Switzer}, E.~R. and {Masui}, K.~W. and GBT Collaboration},
    title = "{Determination of z {\tilde} 0.8 neutral hydrogen fluctuations using the 21 cm intensity mapping autocorrelation}",
  journal = {\mnras},
archivePrefix = "arXiv",
   eprint = {1304.3712},
 primaryClass = "astro-ph.CO",
 keywords = {galaxies: evolution, large-scale structure of universe, radio lines: galaxies},
     year = 2013,
    month = jul,
   volume = 434,
    pages = {L46-L50},
      doi = {10.1093/mnrasl/slt074},
   adsurl = {http://adsabs.harvard.edu/abs/2013MNRAS.434L..46S},
  adsnote = {Provided by the SAO/NASA Astrophysics Data System}
}

@ARTICLE{2013JCAP...07..025D,
   long_author = {{Dunkley}, J. and {Calabrese}, E. and {Sievers}, J. and {Addison}, G.~E. and 
	{Battaglia}, N. and {Battistelli}, E.~S. and {Bond}, J.~R. and 
	{Das}, S. and {Devlin}, M.~J. and {D{\"u}nner}, R. and {Fowler}, J.~W. and 
	{Gralla}, M. and {Hajian}, A. and {Halpern}, M. and {Hasselfield}, M. and 
	{Hincks}, A.~D. and {Hlozek}, R. and {Hughes}, J.~P. and {Irwin}, K.~D. and 
	{Kosowsky}, A. and {Louis}, T. and {Marriage}, T.~A. and {Marsden}, D. and 
	{Menanteau}, F. and {Moodley}, K. and {Niemack}, M. and {Nolta}, M.~R. and 
	{Page}, L.~A. and {Partridge}, B. and {Sehgal}, N. and {Spergel}, D.~N. and 
	{Staggs}, S.~T. and {Switzer}, E.~R. and {Trac}, H. and {Wollack}, E.
	},
   author = {{Dunkley}, J. and {Calabrese}, E. and {Sievers}, J. and ACT Collaboration},
    title = "{The Atacama Cosmology Telescope: likelihood for small-scale CMB data}",
  journal = {\jcap},
archivePrefix = "arXiv",
   eprint = {1301.0776},
 primaryClass = "astro-ph.CO",
     year = 2013,
    month = jul,
   volume = 7,
      eid = {025},
    pages = {25},
      doi = {10.1088/1475-7516/2013/07/025},
   adsurl = {http://adsabs.harvard.edu/abs/2013JCAP...07..025D},
  adsnote = {Provided by the SAO/NASA Astrophysics Data System}
}

@ARTICLE{2013JCAP...07..008H,
   long_author = {{Hasselfield}, M. and {Hilton}, M. and {Marriage}, T.~A. and 
	{Addison}, G.~E. and {Barrientos}, L.~F. and {Battaglia}, N. and 
	{Battistelli}, E.~S. and {Bond}, J.~R. and {Crichton}, D. and 
	{Das}, S. and {Devlin}, M.~J. and {Dicker}, S.~R. and {Dunkley}, J. and 
	{D{\"u}nner}, R. and {Fowler}, J.~W. and {Gralla}, M.~B. and 
	{Hajian}, A. and {Halpern}, M. and {Hincks}, A.~D. and {Hlozek}, R. and 
	{Hughes}, J.~P. and {Infante}, L. and {Irwin}, K.~D. and {Kosowsky}, A. and 
	{Marsden}, D. and {Menanteau}, F. and {Moodley}, K. and {Niemack}, M.~D. and 
	{Nolta}, M.~R. and {Page}, L.~A. and {Partridge}, B. and {Reese}, E.~D. and 
	{Schmitt}, B.~L. and {Sehgal}, N. and {Sherwin}, B.~D. and {Sievers}, J. and 
	{Sif{\'o}n}, C. and {Spergel}, D.~N. and {Staggs}, S.~T. and 
	{Swetz}, D.~S. and {Switzer}, E.~R. and {Thornton}, R. and {Trac}, H. and 
	{Wollack}, E.~J.},
   author = {{Hasselfield}, M. and {Hilton}, M. and {Marriage}, T.~A. and ACT Collaboration},
    title = "{The Atacama Cosmology Telescope: Sunyaev-Zel'dovich selected galaxy clusters at 148 GHz from three seasons of data}",
  journal = {\jcap},
archivePrefix = "arXiv",
   eprint = {1301.0816},
 primaryClass = "astro-ph.CO",
     year = 2013,
    month = jul,
   volume = 7,
      eid = {008},
    pages = {8},
      doi = {10.1088/1475-7516/2013/07/008},
   adsurl = {http://adsabs.harvard.edu/abs/2013JCAP...07..008H},
  adsnote = {Provided by the SAO/NASA Astrophysics Data System}
}

@ARTICLE{2013PhRvD..87j3012C,
   long_author = {{Calabrese}, E. and {Hlozek}, R.~A. and {Battaglia}, N. and 
	{Battistelli}, E.~S. and {Bond}, J.~R. and {Chluba}, J. and 
	{Crichton}, D. and {Das}, S. and {Devlin}, M.~J. and {Dunkley}, J. and 
	{D{\"u}nner}, R. and {Farhang}, M. and {Gralla}, M.~B. and {Hajian}, A. and 
	{Halpern}, M. and {Hasselfield}, M. and {Hincks}, A.~D. and 
	{Irwin}, K.~D. and {Kosowsky}, A. and {Louis}, T. and {Marriage}, T.~A. and 
	{Moodley}, K. and {Newburgh}, L. and {Niemack}, M.~D. and {Nolta}, M.~R. and 
	{Page}, L.~A. and {Sehgal}, N. and {Sherwin}, B.~D. and {Sievers}, J.~L. and 
	{Sif{\'o}n}, C. and {Spergel}, D.~N. and {Staggs}, S.~T. and 
	{Switzer}, E.~R. and {Wollack}, E.~J.},
   author = {{Calabrese}, E. and {Hlozek}, R.~A. and ACT Collaboration},
    title = "{Cosmological parameters from pre-planck cosmic microwave background measurements}",
  journal = {\prd},
archivePrefix = "arXiv",
   eprint = {1302.1841},
 primaryClass = "astro-ph.CO",
 keywords = {Background radiations, Observational cosmology},
     year = 2013,
    month = may,
   volume = 87,
   number = 10,
      eid = {103012},
    pages = {103012},
      doi = {10.1103/PhysRevD.87.103012},
   adsurl = {http://adsabs.harvard.edu/abs/2013PhRvD..87j3012C},
  adsnote = {Provided by the SAO/NASA Astrophysics Data System}
}

@ARTICLE{2013MNRAS.430.3054C,
   author = {{Chluba}, J. and {Switzer}, E. and {Nelson}, K. and {Nagai}, D.},
    title = "{Sunyaev-Zeldovich signal processing and temperature-velocity moment method for individual clusters}",
  journal = {\mnras},
archivePrefix = "arXiv",
   eprint = {1211.3206},
 primaryClass = "astro-ph.CO",
 keywords = {cosmic background radiation, cosmology: observations, cosmology: theory},
     year = 2013,
    month = apr,
   volume = 430,
    pages = {3054-3069},
      doi = {10.1093/mnras/stt110},
   adsurl = {http://adsabs.harvard.edu/abs/2013MNRAS.430.3054C},
  adsnote = {Provided by the SAO/NASA Astrophysics Data System}
}

@MISC{2013ascl.soft04018C,
   author = {{Chluba}, J. and {Switzer}, E. and {Nagai}, D. and {Sazonov}, S. and {Nelson}, K.},
    title = "{SZpack: Computation of Sunyaev-Zeldovich (SZ) signals}",
     note = {Astrophysics Source Code Library},
     year = 2013,
archivePrefix = "ascl",
   eprint = {1304.018},
    month = apr,
   adsurl = {http://adsabs.harvard.edu/abs/2013ascl.soft04018C},
  adsnote = {Provided by the SAO/NASA Astrophysics Data System}
}

@ARTICLE{2013ApJ...767...38S,
   long_author = {{Sehgal}, N. and {Addison}, G. and {Battaglia}, N. and {Battistelli}, E.~S. and 
	{Bond}, J.~R. and {Das}, S. and {Devlin}, M.~J. and {Dunkley}, J. and 
	{D{\"u}nner}, R. and {Gralla}, M. and {Hajian}, A. and {Halpern}, M. and 
	{Hasselfield}, M. and {Hilton}, M. and {Hincks}, A.~D. and {Hlozek}, R. and 
	{Hughes}, J.~P. and {Kosowsky}, A. and {Lin}, Y.-T. and {Louis}, T. and 
	{Marriage}, T.~A. and {Marsden}, D. and {Menanteau}, F. and 
	{Moodley}, K. and {Niemack}, M.~D. and {Page}, L.~A. and {Partridge}, B. and 
	{Reese}, E.~D. and {Sherwin}, B.~D. and {Sievers}, J. and {Sif{\'o}n}, C. and 
	{Spergel}, D.~N. and {Staggs}, S.~T. and {Swetz}, D.~S. and 
	{Switzer}, E.~R. and {Wollack}, E.},
   author = {{Sehgal}, N. and ACT Collaboration},
    title = "{The Atacama Cosmology Telescope: Relation between Galaxy Cluster Optical Richness and Sunyaev-Zel'dovich Effect}",
  journal = {\apj},
archivePrefix = "arXiv",
   eprint = {1205.2369},
 primaryClass = "astro-ph.CO",
 keywords = {cosmic background radiation, galaxies: clusters: general, galaxies: clusters: intracluster medium},
     year = 2013,
    month = apr,
   volume = 767,
      eid = {38},
    pages = {38},
      doi = {10.1088/0004-637X/767/1/38},
   adsurl = {http://adsabs.harvard.edu/abs/2013ApJ...767...38S},
  adsnote = {Provided by the SAO/NASA Astrophysics Data System}
}

@ARTICLE{2013ApJ...765...67M,
   long_author = {{Menanteau}, F. and {Sif{\'o}n}, C. and {Barrientos}, L.~F. and 
	{Battaglia}, N. and {Bond}, J.~R. and {Crichton}, D. and {Das}, S. and 
	{Devlin}, M.~J. and {Dicker}, S. and {D{\"u}nner}, R. and {Gralla}, M. and 
	{Hajian}, A. and {Hasselfield}, M. and {Hilton}, M. and {Hincks}, A.~D. and 
	{Hughes}, J.~P. and {Infante}, L. and {Kosowsky}, A. and {Marriage}, T.~A. and 
	{Marsden}, D. and {Moodley}, K. and {Niemack}, M.~D. and {Nolta}, M.~R. and 
	{Page}, L.~A. and {Partridge}, B. and {Reese}, E.~D. and {Schmitt}, B.~L. and 
	{Sievers}, J. and {Spergel}, D.~N. and {Staggs}, S.~T. and {Switzer}, E. and 
	{Wollack}, E.~J.},
   author = {{Menanteau}, F. and {Sif{\'o}n}, C. and ACT Collaboration},
    title = "{The Atacama Cosmology Telescope: Physical Properties of Sunyaev-Zel'dovich Effect Clusters on the Celestial Equator}",
  journal = {\apj},
archivePrefix = "arXiv",
   eprint = {1210.4048},
 primaryClass = "astro-ph.CO",
 keywords = {cosmic background radiation, cosmology: observations, galaxies: clusters: general, galaxies: distances and redshifts, large-scale structure of Universe},
     year = 2013,
    month = mar,
   volume = 765,
      eid = {67},
    pages = {67},
      doi = {10.1088/0004-637X/765/1/67},
   adsurl = {http://adsabs.harvard.edu/abs/2013ApJ...765...67M},
  adsnote = {Provided by the SAO/NASA Astrophysics Data System}
}

@ARTICLE{2013ApJ...764..137F,
   author = {{Farhang}, M. and {Bond}, J.~R. and {Chluba}, J. and {Switzer}, E.~R.},
    title = "{Constraints on Perturbations to the Recombination History from Measurements of the Cosmic Microwave Background Damping Tail}",
  journal = {\apj},
archivePrefix = "arXiv",
   eprint = {1211.4634},
 primaryClass = "astro-ph.CO",
 keywords = {cosmic background radiation, cosmological parameters, cosmology: observations, methods: data analysis },
     year = 2013,
    month = feb,
   volume = 764,
      eid = {137},
    pages = {137},
      doi = {10.1088/0004-637X/764/2/137},
   adsurl = {http://adsabs.harvard.edu/abs/2013ApJ...764..137F},
  adsnote = {Provided by the SAO/NASA Astrophysics Data System}
}

@ARTICLE{2013arXiv1301.1037D,
   long_author = {{Das}, S. and {Louis}, T. and {Nolta}, M.~R. and {Addison}, G.~E. and 
	{Battistelli}, E.~S. and {Bond}, J. and {Calabrese}, E. and 
	{Devlin}, D.~C.~M.~J. and {Dicker}, S. and {Dunkley}, J. and 
	{D{\"u}nner}, R. and {Fowler}, J.~W. and {Gralla}, M. and {Hajian}, A. and 
	{Halpern}, M. and {Hasselfield}, M. and {Hilton}, M. and {Hincks}, A.~D. and 
	{Hlozek}, R. and {Huffenberger}, K.~M. and {Hughes}, J.~P. and 
	{Irwin}, K.~D. and {Kosowsky}, A. and {Lupton}, R.~H. and {Marriage}, T.~A. and 
	{Marsden}, D. and {Menanteau}, F. and {Moodley}, K. and {Niemack}, M.~D. and 
	{Page}, L.~A. and {Partridge}, B. and {Reese}, E.~D. and {Schmitt}, B.~L. and 
	{Sehgal}, N. and {Sherwin}, B.~D. and {Sievers}, J.~L. and {Spergel}, D.~N. and 
	{Staggs}, S.~T. and {Swetz}, D.~S. and {Switzer}, E.~R. and 
	{Thornton}, R. and {Trac}, H. and {Wollack}, E.},
   author = {{Das}, S. and {Louis}, T. and {Nolta}, M.~R. and ACT Collaboration},
    title = "{The Atacama Cosmology Telescope: Temperature and Gravitational Lensing Power Spectrum Measurements from Three Seasons of Data}",
  journal = {ArXiv e-prints},
archivePrefix = "arXiv",
   eprint = {1301.1037},
 primaryClass = "astro-ph.CO",
 keywords = {Astrophysics - Cosmology and Extragalactic Astrophysics},
     year = 2013,
    month = jan,
   adsurl = {http://adsabs.harvard.edu/abs/2013arXiv1301.1037D},
  adsnote = {Provided by the SAO/NASA Astrophysics Data System}
}

@ARTICLE{2013ApJ...763L..20M,
   long_author = {{Masui}, K.~W. and {Switzer}, E.~R. and {Banavar}, N. and {Bandura}, K. and 
	{Blake}, C. and {Calin}, L.-M. and {Chang}, T.-C. and {Chen}, X. and 
	{Li}, Y.-C. and {Liao}, Y.-W. and {Natarajan}, A. and {Pen}, U.-L. and 
	{Peterson}, J.~B. and {Shaw}, J.~R. and {Voytek}, T.~C.},
   author = {{Masui}, K.~W. and {Switzer}, E.~R. and GBT Collaboration},
    title = "{Measurement of 21 cm Brightness Fluctuations at z \~{} 0.8 in Cross-correlation}",
  journal = {\apjl},
archivePrefix = "arXiv",
   eprint = {1208.0331},
 primaryClass = "astro-ph.CO",
 keywords = {galaxies: evolution, large-scale structure of universe, radio lines: galaxies},
     year = 2013,
    month = jan,
   volume = 763,
      eid = {L20},
    pages = {L20},
      doi = {10.1088/2041-8205/763/1/L20},
   adsurl = {http://adsabs.harvard.edu/abs/2013ApJ...763L..20M},
  adsnote = {Provided by the SAO/NASA Astrophysics Data System}
}

@ARTICLE{2013ApJ...762...10D,
   long_author = {{D{\"u}nner}, R. and {Hasselfield}, M. and {Marriage}, T.~A. and 
	{Sievers}, J. and {Acquaviva}, V. and {Addison}, G.~E. and {Ade}, P.~A.~R. and 
	{Aguirre}, P. and {Amiri}, M. and {Appel}, J.~W. and {Barrientos}, L.~F. and 
	{Battistelli}, E.~S. and {Bond}, J.~R. and {Brown}, B. and {Burger}, B. and 
	{Calabrese}, E. and {Chervenak}, J. and {Das}, S. and {Devlin}, M.~J. and 
	{Dicker}, S.~R. and {Bertrand Doriese}, W. and {Dunkley}, J. and 
	{Essinger-Hileman}, T. and {Fisher}, R.~P. and {Gralla}, M.~B. and 
	{Fowler}, J.~W. and {Hajian}, A. and {Halpern}, M. and {Hern{\'a}ndez-Monteagudo}, C. and 
	{Hilton}, G.~C. and {Hilton}, M. and {Hincks}, A.~D. and {Hlozek}, R. and 
	{Huffenberger}, K.~M. and {Hughes}, D.~H. and {Hughes}, J.~P. and 
	{Infante}, L. and {Irwin}, K.~D. and {Baptiste Juin}, J. and 
	{Kaul}, M. and {Klein}, J. and {Kosowsky}, A. and {Lau}, J.~M. and 
	{Limon}, M. and {Lin}, Y.-T. and {Louis}, T. and {Lupton}, R.~H. and 
	{Marsden}, D. and {Martocci}, K. and {Mauskopf}, P. and {Menanteau}, F. and 
	{Moodley}, K. and {Moseley}, H. and {Netterfield}, C.~B. and 
	{Niemack}, M.~D. and {Nolta}, M.~R. and {Page}, L.~A. and {Parker}, L. and 
	{Partridge}, B. and {Quintana}, H. and {Reid}, B. and {Sehgal}, N. and 
	{Sherwin}, B.~D. and {Spergel}, D.~N. and {Staggs}, S.~T. and 
	{Swetz}, D.~S. and {Switzer}, E.~R. and {Thornton}, R. and {Trac}, H. and 
	{Tucker}, C. and {Warne}, R. and {Wilson}, G. and {Wollack}, E. and 
	{Zhao}, Y.},
   author = {{D{\"u}nner}, R. and {Hasselfield}, M. and {Marriage}, T.~A. and 
	{Sievers}, J. and ACT Collaboration},
    title = "{The Atacama Cosmology Telescope: Data Characterization and Mapmaking}",
  journal = {\apj},
archivePrefix = "arXiv",
   eprint = {1208.0050},
 primaryClass = "astro-ph.IM",
 keywords = {cosmic background radiation, cosmology: observations, instrumentation: miscellaneous},
     year = 2013,
    month = jan,
   volume = 762,
      eid = {10},
    pages = {10},
      doi = {10.1088/0004-637X/762/1/10},
   adsurl = {http://adsabs.harvard.edu/abs/2013ApJ...762...10D},
  adsnote = {Provided by the SAO/NASA Astrophysics Data System}
}

@ARTICLE{2012PhRvD..86l2005W,
   long_author = {{Wilson}, M.~J. and {Sherwin}, B.~D. and {Hill}, J.~C. and {Addison}, G. and 
	{Battaglia}, N. and {Bond}, J.~R. and {Das}, S. and {Devlin}, M.~J. and 
	{Dunkley}, J. and {D{\"u}nner}, R. and {Fowler}, J.~W. and {Gralla}, M.~B. and 
	{Hajian}, A. and {Halpern}, M. and {Hilton}, M. and {Hincks}, A.~D. and 
	{Hlozek}, R. and {Huffenberger}, K. and {Hughes}, J.~P. and 
	{Kosowsky}, A. and {Louis}, T. and {Marriage}, T.~A. and {Marsden}, D. and 
	{Menanteau}, F. and {Moodley}, K. and {Niemack}, M.~D. and {Nolta}, M.~R. and 
	{Page}, L.~A. and {Partridge}, B. and {Reese}, E.~D. and {Sehgal}, N. and 
	{Sievers}, J. and {Spergel}, D.~N. and {Staggs}, S.~T. and {Swetz}, D.~S. and 
	{Switzer}, E.~R. and {Trac}, H. and {Wollack}, E.},
   author = {{Wilson}, M.~J. and {Sherwin}, B.~D. and {Hill}, J.~C. and ACT Collaboration},
    title = "{Atacama Cosmology Telescope: A measurement of the thermal Sunyaev-Zel'dovich effect using the skewness of the CMB temperature distribution}",
  journal = {\prd},
archivePrefix = "arXiv",
   eprint = {1203.6633},
 primaryClass = "astro-ph.CO",
 keywords = {Background radiations},
     year = 2012,
    month = dec,
   volume = 86,
   number = 12,
      eid = {122005},
    pages = {122005},
      doi = {10.1103/PhysRevD.86.122005},
   adsurl = {http://adsabs.harvard.edu/abs/2012PhRvD..86l2005W},
  adsnote = {Provided by the SAO/NASA Astrophysics Data System}
}

@ARTICLE{2012PhRvD..86h3006S,
   long_author = {{Sherwin}, B.~D. and {Das}, S. and {Hajian}, A. and {Addison}, G. and 
	{Bond}, J.~R. and {Crichton}, D. and {Devlin}, M.~J. and {Dunkley}, J. and 
	{Gralla}, M.~B. and {Halpern}, M. and {Hill}, J.~C. and {Hincks}, A.~D. and 
	{Hughes}, J.~P. and {Huffenberger}, K. and {Hlozek}, R. and 
	{Kosowsky}, A. and {Louis}, T. and {Marriage}, T.~A. and {Marsden}, D. and 
	{Menanteau}, F. and {Moodley}, K. and {Niemack}, M.~D. and {Page}, L.~A. and 
	{Reese}, E.~D. and {Sehgal}, N. and {Sievers}, J. and {Sif{\'o}n}, C. and 
	{Spergel}, D.~N. and {Staggs}, S.~T. and {Switzer}, E.~R. and 
	{Wollack}, E.},
   author = {{Sherwin}, B.~D. and {Das}, S. and {Hajian}, A. and ACT Collaboration},
    title = "{The Atacama Cosmology Telescope: Cross-correlation of cosmic microwave background lensing and quasars}",
  journal = {\prd},
archivePrefix = "arXiv",
   eprint = {1207.4543},
 primaryClass = "astro-ph.CO",
 keywords = {Gravitational lenses and luminous arcs, Background radiations},
     year = 2012,
    month = oct,
   volume = 86,
   number = 8,
      eid = {083006},
    pages = {083006},
      doi = {10.1103/PhysRevD.86.083006},
   adsurl = {http://adsabs.harvard.edu/abs/2012PhRvD..86h3006S},
  adsnote = {Provided by the SAO/NASA Astrophysics Data System}
}

@ARTICLE{2012PhRvL.109d1101H,
   long_author = {{Hand}, N. and {Addison}, G.~E. and {Aubourg}, E. and {Battaglia}, N. and 
	{Battistelli}, E.~S. and {Bizyaev}, D. and {Bond}, J.~R. and 
	{Brewington}, H. and {Brinkmann}, J. and {Brown}, B.~R. and 
	{Das}, S. and {Dawson}, K.~S. and {Devlin}, M.~J. and {Dunkley}, J. and 
	{Dunner}, R. and {Eisenstein}, D.~J. and {Fowler}, J.~W. and 
	{Gralla}, M.~B. and {Hajian}, A. and {Halpern}, M. and {Hilton}, M. and 
	{Hincks}, A.~D. and {Hlozek}, R. and {Hughes}, J.~P. and {Infante}, L. and 
	{Irwin}, K.~D. and {Kosowsky}, A. and {Lin}, Y.-T. and {Malanushenko}, E. and 
	{Malanushenko}, V. and {Marriage}, T.~A. and {Marsden}, D. and 
	{Menanteau}, F. and {Moodley}, K. and {Niemack}, M.~D. and {Nolta}, M.~R. and 
	{Oravetz}, D. and {Page}, L.~A. and {Palanque-Delabrouille}, N. and 
	{Pan}, K. and {Reese}, E.~D. and {Schlegel}, D.~J. and {Schneider}, D.~P. and 
	{Sehgal}, N. and {Shelden}, A. and {Sievers}, J. and {Sif{\'o}n}, C. and 
	{Simmons}, A. and {Snedden}, S. and {Spergel}, D.~N. and {Staggs}, S.~T. and 
	{Swetz}, D.~S. and {Switzer}, E.~R. and {Trac}, H. and {Weaver}, B.~A. and 
	{Wollack}, E.~J. and {Yeche}, C. and {Zunckel}, C.},
   author = {{Hand}, N. and ACT Collaboration},
    title = "{Evidence of Galaxy Cluster Motions with the Kinematic Sunyaev-Zel'dovich Effect}",
  journal = {Physical Review Letters},
archivePrefix = "arXiv",
   eprint = {1203.4219},
 primaryClass = "astro-ph.CO",
 keywords = {Observational cosmology, Distances redshifts radial velocities, spatial distribution of galaxies, Galaxy clusters, Background radiations},
     year = 2012,
    month = jul,
   volume = 109,
   number = 4,
      eid = {041101},
    pages = {041101},
      doi = {10.1103/PhysRevLett.109.041101},
   adsurl = {http://adsabs.harvard.edu/abs/2012PhRvL.109d1101H},
  adsnote = {Provided by the SAO/NASA Astrophysics Data System}
}

@ARTICLE{2012MNRAS.423.3227C,
   author = {{Chluba}, J. and {Fung}, J. and {Switzer}, E.~R.},
    title = "{Radiative transfer effects during primordial helium recombination}",
  journal = {\mnras},
archivePrefix = "arXiv",
   eprint = {1110.0247},
 primaryClass = "astro-ph.CO",
 keywords = {radiative transfer, cosmology: theory, cosmology: observations},
     year = 2012,
    month = jul,
   volume = 423,
    pages = {3227-3242},
      doi = {10.1111/j.1365-2966.2012.21110.x},
   adsurl = {http://adsabs.harvard.edu/abs/2012MNRAS.423.3227C},
  adsnote = {Provided by the SAO/NASA Astrophysics Data System}
}

@ARTICLE{2012ApJ...751...12R,
   long_author = {{Reese}, E.~D. and {Mroczkowski}, T. and {Menanteau}, F. and 
	{Hilton}, M. and {Sievers}, J. and {Aguirre}, P. and {Appel}, J.~W. and 
	{Baker}, A.~J. and {Bond}, J.~R. and {Das}, S. and {Devlin}, M.~J. and 
	{Dicker}, S.~R. and {D{\"u}nner}, R. and {Essinger-Hileman}, T. and 
	{Fowler}, J.~W. and {Hajian}, A. and {Halpern}, M. and {Hasselfield}, M. and 
	{Hill}, J.~C. and {Hincks}, A.~D. and {Huffenberger}, K.~M. and 
	{Hughes}, J.~P. and {Irwin}, K.~D. and {Klein}, J. and {Kosowsky}, A. and 
	{Lin}, Y.-T. and {Marriage}, T.~A. and {Marsden}, D. and {Moodley}, K. and 
	{Niemack}, M.~D. and {Nolta}, M.~R. and {Page}, L.~A. and {Parker}, L. and 
	{Partridge}, B. and {Rojas}, F. and {Sehgal}, N. and {Sif{\'o}n}, C. and 
	{Spergel}, D.~N. and {Staggs}, S.~T. and {Swetz}, D.~S. and 
	{Switzer}, E.~R. and {Thornton}, R. and {Trac}, H. and {Wollack}, E.~J.
	},
   author = {{Reese}, E.~D. and {Mroczkowski}, T. and {Menanteau}, F. and 
	{Hilton}, M. and {Sievers}, J. and ACT Collaboration},
    title = "{The Atacama Cosmology Telescope: High-resolution Sunyaev-Zel'dovich Array Observations of ACT SZE-selected Clusters from the Equatorial Strip}",
  journal = {\apj},
archivePrefix = "arXiv",
   eprint = {1108.3343},
 primaryClass = "astro-ph.CO",
 keywords = {cosmic background radiation, cosmology: observations, galaxies: clusters: general, techniques: interferometric, X-rays: galaxies: clusters},
     year = 2012,
    month = may,
   volume = 751,
      eid = {12},
    pages = {12},
      doi = {10.1088/0004-637X/751/1/12},
   adsurl = {http://adsabs.harvard.edu/abs/2012ApJ...751...12R},
  adsnote = {Provided by the SAO/NASA Astrophysics Data System}
}

@ARTICLE{2012ApJ...749...90H,
   long_author = {{Hlozek}, R. and {Dunkley}, J. and {Addison}, G. and {Appel}, J.~W. and 
	{Bond}, J.~R. and {Sofia Carvalho}, C. and {Das}, S. and {Devlin}, M.~J. and 
	{D{\"u}nner}, R. and {Essinger-Hileman}, T. and {Fowler}, J.~W. and 
	{Gallardo}, P. and {Hajian}, A. and {Halpern}, M. and {Hasselfield}, M. and 
	{Hilton}, M. and {Hincks}, A.~D. and {Hughes}, J.~P. and {Irwin}, K.~D. and 
	{Klein}, J. and {Kosowsky}, A. and {Marriage}, T.~A. and {Marsden}, D. and 
	{Menanteau}, F. and {Moodley}, K. and {Niemack}, M.~D. and {Nolta}, M.~R. and 
	{Page}, L.~A. and {Parker}, L. and {Partridge}, B. and {Rojas}, F. and 
	{Sehgal}, N. and {Sherwin}, B. and {Sievers}, J. and {Spergel}, D.~N. and 
	{Staggs}, S.~T. and {Swetz}, D.~S. and {Switzer}, E.~R. and 
	{Thornton}, R. and {Wollack}, E.},
   author = {{Hlozek}, R. and {Dunkley}, J. and ACT Collaboration},
    title = "{The Atacama Cosmology Telescope: A Measurement of the Primordial Power Spectrum}",
  journal = {\apj},
archivePrefix = "arXiv",
   eprint = {1105.4887},
 primaryClass = "astro-ph.CO",
 keywords = {cosmic background radiation, cosmology: observations, cosmology: theory, inflation},
     year = 2012,
    month = apr,
   volume = 749,
      eid = {90},
    pages = {90},
      doi = {10.1088/0004-637X/749/1/90},
   adsurl = {http://adsabs.harvard.edu/abs/2012ApJ...749...90H},
  adsnote = {Provided by the SAO/NASA Astrophysics Data System}
}

@ARTICLE{2012ApJ...744...40H,
   long_author = {{Hajian}, A. and {Viero}, M.~P. and {Addison}, G. and {Aguirre}, P. and 
	{Appel}, J.~W. and {Battaglia}, N. and {Bock}, J.~J. and {Bond}, J.~R. and 
	{Das}, S. and {Devlin}, M.~J. and {Dicker}, S.~R. and {Dunkley}, J. and 
	{D{\"u}nner}, R. and {Essinger-Hileman}, T. and {Hughes}, J.~P. and 
	{Fowler}, J.~W. and {Halpern}, M. and {Hasselfield}, M. and 
	{Hilton}, M. and {Hincks}, A.~D. and {Hlozek}, R. and {Irwin}, K.~D. and 
	{Klein}, J. and {Kosowsky}, A. and {Lin}, Y.-T. and {Marriage}, T.~A. and 
	{Marsden}, D. and {Marsden}, G. and {Menanteau}, F. and {Moncelsi}, L. and 
	{Moodley}, K. and {Netterfield}, C.~B. and {Niemack}, M.~D. and 
	{Nolta}, M.~R. and {Page}, L.~A. and {Parker}, L. and {Patanchon}, G. and 
	{Scott}, D. and {Sehgal}, N. and {Sievers}, J. and {Spergel}, D.~N. and 
	{Staggs}, S.~T. and {Swetz}, D.~S. and {Switzer}, E.~R. and 
	{Thornton}, R. and {Wollack}, E.},
   author = {{Hajian}, A. and {Viero}, M.~P. and ACT Collaboration},
    title = "{Correlations in the (Sub)millimeter Background from ACT {\times} BLAST}",
  journal = {\apj},
archivePrefix = "arXiv",
   eprint = {1101.1517},
 primaryClass = "astro-ph.CO",
 keywords = {cosmic background radiation, cosmology: observations, galaxies: evolution, infrared: galaxies, large-scale structure of universe, submillimeter: galaxies},
     year = 2012,
    month = jan,
   volume = 744,
      eid = {40},
    pages = {40},
      doi = {10.1088/0004-637X/744/1/40},
   adsurl = {http://adsabs.harvard.edu/abs/2012ApJ...744...40H},
  adsnote = {Provided by the SAO/NASA Astrophysics Data System}
}

@ARTICLE{2011ApJ...740...86H,
   long_author = {{Hajian}, A. and {Acquaviva}, V. and {Ade}, P.~A.~R. and {Aguirre}, P. and 
	{Amiri}, M. and {Appel}, J.~W. and {Barrientos}, L.~F. and {Battistelli}, E.~S. and 
	{Bond}, J.~R. and {Brown}, B. and {Burger}, B. and {Chervenak}, J. and 
	{Das}, S. and {Devlin}, M.~J. and {Dicker}, S.~R. and {Bertrand Doriese}, W. and 
	{Dunkley}, J. and {D{\"u}nner}, R. and {Essinger-Hileman}, T. and 
	{Fisher}, R.~P. and {Fowler}, J.~W. and {Halpern}, M. and {Hasselfield}, M. and 
	{Hern{\'a}ndez-Monteagudo}, C. and {Hilton}, G.~C. and {Hilton}, M. and 
	{Hincks}, A.~D. and {Hlozek}, R. and {Huffenberger}, K.~M. and 
	{Hughes}, D.~H. and {Hughes}, J.~P. and {Infante}, L. and {Irwin}, K.~D. and 
	{Baptiste Juin}, J. and {Kaul}, M. and {Klein}, J. and {Kosowsky}, A. and 
	{Lau}, J.~M. and {Limon}, M. and {Lin}, Y.-T. and {Lupton}, R.~H. and 
	{Marriage}, T.~A. and {Marsden}, D. and {Mauskopf}, P. and {Menanteau}, F. and 
	{Moodley}, K. and {Moseley}, H. and {Netterfield}, C.~B. and 
	{Niemack}, M.~D. and {Nolta}, M.~R. and {Page}, L.~A. and {Parker}, L. and 
	{Partridge}, B. and {Reid}, B. and {Sehgal}, N. and {Sherwin}, B.~D. and 
	{Sievers}, J. and {Spergel}, D.~N. and {Staggs}, S.~T. and {Swetz}, D.~S. and 
	{Switzer}, E.~R. and {Thornton}, R. and {Trac}, H. and {Tucker}, C. and 
	{Warne}, R. and {Wollack}, E. and {Zhao}, Y.},
   author = {{Hajian}, A. and ACT Collaboration},
    title = "{The Atacama Cosmology Telescope: Calibration with the Wilkinson Microwave Anisotropy Probe Using Cross-correlations}",
  journal = {\apj},
archivePrefix = "arXiv",
   eprint = {1009.0777},
 primaryClass = "astro-ph.CO",
 keywords = {cosmic background radiation, cosmology: observations, methods: data analysis, methods: statistical},
     year = 2011,
    month = oct,
   volume = 740,
      eid = {86},
    pages = {86},
      doi = {10.1088/0004-637X/740/2/86},
   adsurl = {http://adsabs.harvard.edu/abs/2011ApJ...740...86H},
  adsnote = {Provided by the SAO/NASA Astrophysics Data System}
}

@ARTICLE{2011ApJ...739...52D,
   long_author = {{Dunkley}, J. and {Hlozek}, R. and {Sievers}, J. and {Acquaviva}, V. and 
	{Ade}, P.~A.~R. and {Aguirre}, P. and {Amiri}, M. and {Appel}, J.~W. and 
	{Barrientos}, L.~F. and {Battistelli}, E.~S. and {Bond}, J.~R. and 
	{Brown}, B. and {Burger}, B. and {Chervenak}, J. and {Das}, S. and 
	{Devlin}, M.~J. and {Dicker}, S.~R. and {Bertrand Doriese}, W. and 
	{D{\"u}nner}, R. and {Essinger-Hileman}, T. and {Fisher}, R.~P. and 
	{Fowler}, J.~W. and {Hajian}, A. and {Halpern}, M. and {Hasselfield}, M. and 
	{Hern{\'a}ndez-Monteagudo}, C. and {Hilton}, G.~C. and {Hilton}, M. and 
	{Hincks}, A.~D. and {Huffenberger}, K.~M. and {Hughes}, D.~H. and 
	{Hughes}, J.~P. and {Infante}, L. and {Irwin}, K.~D. and {Juin}, J.~B. and 
	{Kaul}, M. and {Klein}, J. and {Kosowsky}, A. and {Lau}, J.~M. and 
	{Limon}, M. and {Lin}, Y.-T. and {Lupton}, R.~H. and {Marriage}, T.~A. and 
	{Marsden}, D. and {Mauskopf}, P. and {Menanteau}, F. and {Moodley}, K. and 
	{Moseley}, H. and {Netterfield}, C.~B. and {Niemack}, M.~D. and 
	{Nolta}, M.~R. and {Page}, L.~A. and {Parker}, L. and {Partridge}, B. and 
	{Reid}, B. and {Sehgal}, N. and {Sherwin}, B. and {Spergel}, D.~N. and 
	{Staggs}, S.~T. and {Swetz}, D.~S. and {Switzer}, E.~R. and 
	{Thornton}, R. and {Trac}, H. and {Tucker}, C. and {Warne}, R. and 
	{Wollack}, E. and {Zhao}, Y.},
   author = {{Dunkley}, J. and {Hlozek}, R. and {Sievers}, J. and ACT Collaboration},
    title = "{The Atacama Cosmology Telescope: Cosmological Parameters from the 2008 Power Spectrum}",
  journal = {\apj},
archivePrefix = "arXiv",
   eprint = {1009.0866},
 primaryClass = "astro-ph.CO",
 keywords = {cosmic background radiation, cosmological parameters, cosmology: observations},
     year = 2011,
    month = sep,
   volume = 739,
      eid = {52},
    pages = {52},
      doi = {10.1088/0004-637X/739/1/52},
   adsurl = {http://adsabs.harvard.edu/abs/2011ApJ...739...52D},
  adsnote = {Provided by the SAO/NASA Astrophysics Data System}
}

@ARTICLE{2011ApJ...737...61M,
   long_author = {{Marriage}, T.~A. and {Acquaviva}, V. and {Ade}, P.~A.~R. and 
	{Aguirre}, P. and {Amiri}, M. and {Appel}, J.~W. and {Barrientos}, L.~F. and 
	{Battistelli}, E.~S. and {Bond}, J.~R. and {Brown}, B. and {Burger}, B. and 
	{Chervenak}, J. and {Das}, S. and {Devlin}, M.~J. and {Dicker}, S.~R. and 
	{Bertrand Doriese}, W. and {Dunkley}, J. and {D{\"u}nner}, R. and 
	{Essinger-Hileman}, T. and {Fisher}, R.~P. and {Fowler}, J.~W. and 
	{Hajian}, A. and {Halpern}, M. and {Hasselfield}, M. and {Hern{\'a}ndez-Monteagudo}, C. and 
	{Hilton}, G.~C. and {Hilton}, M. and {Hincks}, A.~D. and {Hlozek}, R. and 
	{Huffenberger}, K.~M. and {Handel Hughes}, D. and {Hughes}, J.~P. and 
	{Infante}, L. and {Irwin}, K.~D. and {Baptiste Juin}, J. and 
	{Kaul}, M. and {Klein}, J. and {Kosowsky}, A. and {Lau}, J.~M. and 
	{Limon}, M. and {Lin}, Y.-T. and {Lupton}, R.~H. and {Marsden}, D. and 
	{Martocci}, K. and {Mauskopf}, P. and {Menanteau}, F. and {Moodley}, K. and 
	{Moseley}, H. and {Netterfield}, C.~B. and {Niemack}, M.~D. and 
	{Nolta}, M.~R. and {Page}, L.~A. and {Parker}, L. and {Partridge}, B. and 
	{Quintana}, H. and {Reese}, E.~D. and {Reid}, B. and {Sehgal}, N. and 
	{Sherwin}, B.~D. and {Sievers}, J. and {Spergel}, D.~N. and 
	{Staggs}, S.~T. and {Swetz}, D.~S. and {Switzer}, E.~R. and 
	{Thornton}, R. and {Trac}, H. and {Tucker}, C. and {Warne}, R. and 
	{Wilson}, G. and {Wollack}, E. and {Zhao}, Y.},
   author = {{Marriage}, T.~A. and ACT Collaboration},
    title = "{The Atacama Cosmology Telescope: Sunyaev-Zel'dovich-Selected Galaxy Clusters at 148 GHz in the 2008 Survey}",
  journal = {\apj},
archivePrefix = "arXiv",
   eprint = {1010.1065},
 primaryClass = "astro-ph.CO",
 keywords = {cosmic background radiation, cosmology: observations, galaxies: clusters: general, radio continuum: general, surveys},
     year = 2011,
    month = aug,
   volume = 737,
      eid = {61},
    pages = {61},
      doi = {10.1088/0004-637X/737/2/61},
   adsurl = {http://adsabs.harvard.edu/abs/2011ApJ...737...61M},
  adsnote = {Provided by the SAO/NASA Astrophysics Data System}
}

@ARTICLE{2011PhRvL.107b1302S,
   long_author = {{Sherwin}, B.~D. and {Dunkley}, J. and {Das}, S. and {Appel}, J.~W. and 
	{Bond}, J.~R. and {Carvalho}, C.~S. and {Devlin}, M.~J. and 
	{D{\"u}nner}, R. and {Essinger-Hileman}, T. and {Fowler}, J.~W. and 
	{Hajian}, A. and {Halpern}, M. and {Hasselfield}, M. and {Hincks}, A.~D. and 
	{Hlozek}, R. and {Hughes}, J.~P. and {Irwin}, K.~D. and {Klein}, J. and 
	{Kosowsky}, A. and {Marriage}, T.~A. and {Marsden}, D. and {Moodley}, K. and 
	{Menanteau}, F. and {Niemack}, M.~D. and {Nolta}, M.~R. and 
	{Page}, L.~A. and {Parker}, L. and {Reese}, E.~D. and {Schmitt}, B.~L. and 
	{Sehgal}, N. and {Sievers}, J. and {Spergel}, D.~N. and {Staggs}, S.~T. and 
	{Swetz}, D.~S. and {Switzer}, E.~R. and {Thornton}, R. and {Visnjic}, K. and 
	{Wollack}, E.},
   author = {{Sherwin}, B.~D. and {Dunkley}, J. and {Das}, S. and ACT Collaboration},
    title = "{Evidence for Dark Energy from the Cosmic Microwave Background Alone Using the Atacama Cosmology Telescope Lensing Measurements}",
  journal = {Physical Review Letters},
archivePrefix = "arXiv",
   eprint = {1105.0419},
 primaryClass = "astro-ph.CO",
 keywords = {Dark energy, Gravitational lenses and luminous arcs, Background radiations, Observational cosmology},
     year = 2011,
    month = jul,
   volume = 107,
   number = 2,
      eid = {021302},
    pages = {021302},
      doi = {10.1103/PhysRevLett.107.021302},
   adsurl = {http://adsabs.harvard.edu/abs/2011PhRvL.107b1302S},
  adsnote = {Provided by the SAO/NASA Astrophysics Data System}
}

@ARTICLE{2011PhRvL.107b1301D,
   long_author = {{Das}, S. and {Sherwin}, B.~D. and {Aguirre}, P. and {Appel}, J.~W. and 
	{Bond}, J.~R. and {Carvalho}, C.~S. and {Devlin}, M.~J. and 
	{Dunkley}, J. and {D{\"u}nner}, R. and {Essinger-Hileman}, T. and 
	{Fowler}, J.~W. and {Hajian}, A. and {Halpern}, M. and {Hasselfield}, M. and 
	{Hincks}, A.~D. and {Hlozek}, R. and {Huffenberger}, K.~M. and 
	{Hughes}, J.~P. and {Irwin}, K.~D. and {Klein}, J. and {Kosowsky}, A. and 
	{Lupton}, R.~H. and {Marriage}, T.~A. and {Marsden}, D. and 
	{Menanteau}, F. and {Moodley}, K. and {Niemack}, M.~D. and {Nolta}, M.~R. and 
	{Page}, L.~A. and {Parker}, L. and {Reese}, E.~D. and {Schmitt}, B.~L. and 
	{Sehgal}, N. and {Sievers}, J. and {Spergel}, D.~N. and {Staggs}, S.~T. and 
	{Swetz}, D.~S. and {Switzer}, E.~R. and {Thornton}, R. and {Visnjic}, K. and 
	{Wollack}, E.},
   author = {{Das}, S. and {Sherwin}, B.~D. and ACT Collaboration},
    title = "{Detection of the Power Spectrum of Cosmic Microwave Background Lensing by the Atacama Cosmology Telescope}",
  journal = {Physical Review Letters},
archivePrefix = "arXiv",
   eprint = {1103.2124},
 primaryClass = "astro-ph.CO",
 keywords = {Gravitational lenses and luminous arcs, Background radiations},
     year = 2011,
    month = jul,
   volume = 107,
   number = 2,
      eid = {021301},
    pages = {021301},
      doi = {10.1103/PhysRevLett.107.021301},
   adsurl = {http://adsabs.harvard.edu/abs/2011PhRvL.107b1301D},
  adsnote = {Provided by the SAO/NASA Astrophysics Data System}
}

@ARTICLE{2011ApJ...736...39H,
   long_author = {{Hand}, N. and {Appel}, J.~W. and {Battaglia}, N. and {Bond}, J.~R. and 
	{Das}, S. and {Devlin}, M.~J. and {Dunkley}, J. and {D{\"u}nner}, R. and 
	{Essinger-Hileman}, T. and {Fowler}, J.~W. and {Hajian}, A. and 
	{Halpern}, M. and {Hasselfield}, M. and {Hilton}, M. and {Hincks}, A.~D. and 
	{Hlozek}, R. and {Hughes}, J.~P. and {Irwin}, K.~D. and {Klein}, J. and 
	{Kosowsky}, A. and {Lin}, Y.-T. and {Marriage}, T.~A. and {Marsden}, D. and 
	{McLaren}, M. and {Menanteau}, F. and {Moodley}, K. and {Niemack}, M.~D. and 
	{Nolta}, M.~R. and {Page}, L.~A. and {Parker}, L. and {Partridge}, B. and 
	{Plimpton}, R. and {Reese}, E.~D. and {Rojas}, F. and {Sehgal}, N. and 
	{Sherwin}, B.~D. and {Sievers}, J.~L. and {Spergel}, D.~N. and 
	{Staggs}, S.~T. and {Swetz}, D.~S. and {Switzer}, E.~R. and 
	{Thornton}, R. and {Trac}, H. and {Visnjic}, K. and {Wollack}, E.
	},
   author = {{Hand}, N. and ACT Collaboration},
    title = "{The Atacama Cosmology Telescope: Detection of Sunyaev-Zel'Dovich Decrement in Groups and Clusters Associated with Luminous Red Galaxies}",
  journal = {\apj},
archivePrefix = "arXiv",
   eprint = {1101.1951},
 primaryClass = "astro-ph.CO",
 keywords = {cosmic background radiation, cosmology: observations, galaxies: clusters: general},
     year = 2011,
    month = jul,
   volume = 736,
      eid = {39},
    pages = {39},
      doi = {10.1088/0004-637X/736/1/39},
   adsurl = {http://adsabs.harvard.edu/abs/2011ApJ...736...39H},
  adsnote = {Provided by the SAO/NASA Astrophysics Data System}
}

@ARTICLE{2011ApJ...735L..27A,
   author = {{Abbot}, D.~S. and {Switzer}, E.~R.},
    title = "{The Steppenwolf: A Proposal for a Habitable Planet in Interstellar Space}",
  journal = {\apjl},
archivePrefix = "arXiv",
   eprint = {1102.1108},
 primaryClass = "astro-ph.EP",
 keywords = {astrobiology, conduction, convection, planetary systems, planets and satellites: surfaces},
     year = 2011,
    month = jul,
   volume = 735,
      eid = {L27},
    pages = {L27},
      doi = {10.1088/2041-8205/735/2/L27},
   adsurl = {http://adsabs.harvard.edu/abs/2011ApJ...735L..27A},
  adsnote = {Provided by the SAO/NASA Astrophysics Data System}
}

@ARTICLE{2011ApJS..194...41S,
   long_author = {{Swetz}, D.~S. and {Ade}, P.~A.~R. and {Amiri}, M. and {Appel}, J.~W. and 
	{Battistelli}, E.~S. and {Burger}, B. and {Chervenak}, J. and 
	{Devlin}, M.~J. and {Dicker}, S.~R. and {Doriese}, W.~B. and 
	{D{\"u}nner}, R. and {Essinger-Hileman}, T. and {Fisher}, R.~P. and 
	{Fowler}, J.~W. and {Halpern}, M. and {Hasselfield}, M. and 
	{Hilton}, G.~C. and {Hincks}, A.~D. and {Irwin}, K.~D. and {Jarosik}, N. and 
	{Kaul}, M. and {Klein}, J. and {Lau}, J.~M. and {Limon}, M. and 
	{Marriage}, T.~A. and {Marsden}, D. and {Martocci}, K. and {Mauskopf}, P. and 
	{Moseley}, H. and {Netterfield}, C.~B. and {Niemack}, M.~D. and 
	{Nolta}, M.~R. and {Page}, L.~A. and {Parker}, L. and {Staggs}, S.~T. and 
	{Stryzak}, O. and {Switzer}, E.~R. and {Thornton}, R. and {Tucker}, C. and 
	{Wollack}, E. and {Zhao}, Y.},
   author = {{Swetz}, D.~S. and ACT Collaboration},
    title = "{Overview of the Atacama Cosmology Telescope: Receiver, Instrumentation, and Telescope Systems}",
  journal = {\apjs},
archivePrefix = "arXiv",
   eprint = {1007.0290},
 primaryClass = "astro-ph.IM",
 keywords = {cosmic background radiation, cosmology: observations, instrumentation: detectors, instrumentation: miscellaneous, telescopes},
     year = 2011,
    month = jun,
   volume = 194,
      eid = {41},
    pages = {41},
      doi = {10.1088/0067-0049/194/2/41},
   adsurl = {http://adsabs.harvard.edu/abs/2011ApJS..194...41S},
  adsnote = {Provided by the SAO/NASA Astrophysics Data System}
}

@ARTICLE{2011ApJ...732...44S,
   long_author = {{Sehgal}, N. and {Trac}, H. and {Acquaviva}, V. and {Ade}, P.~A.~R. and 
	{Aguirre}, P. and {Amiri}, M. and {Appel}, J.~W. and {Barrientos}, L.~F. and 
	{Battistelli}, E.~S. and {Bond}, J.~R. and {Brown}, B. and {Burger}, B. and 
	{Chervenak}, J. and {Das}, S. and {Devlin}, M.~J. and {Dicker}, S.~R. and 
	{Bertrand Doriese}, W. and {Dunkley}, J. and {D{\"u}nner}, R. and 
	{Essinger-Hileman}, T. and {Fisher}, R.~P. and {Fowler}, J.~W. and 
	{Hajian}, A. and {Halpern}, M. and {Hasselfield}, M. and {Hern{\'a}ndez-Monteagudo}, C. and 
	{Hilton}, G.~C. and {Hilton}, M. and {Hincks}, A.~D. and {Hlozek}, R. and 
	{Holtz}, D. and {Huffenberger}, K.~M. and {Hughes}, D.~H. and 
	{Hughes}, J.~P. and {Infante}, L. and {Irwin}, K.~D. and {Jones}, A. and 
	{Baptiste Juin}, J. and {Klein}, J. and {Kosowsky}, A. and {Lau}, J.~M. and 
	{Limon}, M. and {Lin}, Y.-T. and {Lupton}, R.~H. and {Marriage}, T.~A. and 
	{Marsden}, D. and {Martocci}, K. and {Mauskopf}, P. and {Menanteau}, F. and 
	{Moodley}, K. and {Moseley}, H. and {Netterfield}, C.~B. and 
	{Niemack}, M.~D. and {Nolta}, M.~R. and {Page}, L.~A. and {Parker}, L. and 
	{Partridge}, B. and {Reid}, B. and {Sherwin}, B.~D. and {Sievers}, J. and 
	{Spergel}, D.~N. and {Staggs}, S.~T. and {Swetz}, D.~S. and 
	{Switzer}, E.~R. and {Thornton}, R. and {Tucker}, C. and {Warne}, R. and 
	{Wollack}, E. and {Zhao}, Y.},
   author = {{Sehgal}, N. and {Trac}, H. and ACT Collaboration},
    title = "{The Atacama Cosmology Telescope: Cosmology from Galaxy Clusters Detected via the Sunyaev-Zel'dovich Effect}",
  journal = {\apj},
archivePrefix = "arXiv",
   eprint = {1010.1025},
 primaryClass = "astro-ph.CO",
 keywords = {cosmic background radiation, cosmology: observations, galaxies: clusters: general},
     year = 2011,
    month = may,
   volume = 732,
      eid = {44},
    pages = {44},
      doi = {10.1088/0004-637X/732/1/44},
   adsurl = {http://adsabs.harvard.edu/abs/2011ApJ...732...44S},
  adsnote = {Provided by the SAO/NASA Astrophysics Data System}
}

@ARTICLE{2011ApJ...731..100M,
   long_author = {{Marriage}, T.~A. and {Baptiste Juin}, J. and {Lin}, Y.-T. and 
	{Marsden}, D. and {Nolta}, M.~R. and {Partridge}, B. and {Ade}, P.~A.~R. and 
	{Aguirre}, P. and {Amiri}, M. and {Appel}, J.~W. and {Barrientos}, L.~F. and 
	{Battistelli}, E.~S. and {Bond}, J.~R. and {Brown}, B. and {Burger}, B. and 
	{Chervenak}, J. and {Das}, S. and {Devlin}, M.~J. and {Dicker}, S.~R. and 
	{Bertrand Doriese}, W. and {Dunkley}, J. and {D{\"u}nner}, R. and 
	{Essinger-Hileman}, T. and {Fisher}, R.~P. and {Fowler}, J.~W. and 
	{Hajian}, A. and {Halpern}, M. and {Hasselfield}, M. and {Hern{\'a}ndez-Monteagudo}, C. and 
	{Hilton}, G.~C. and {Hilton}, M. and {Hincks}, A.~D. and {Hlozek}, R. and 
	{Huffenberger}, K.~M. and {Handel Hughes}, D. and {Hughes}, J.~P. and 
	{Infante}, L. and {Irwin}, K.~D. and {Kaul}, M. and {Klein}, J. and 
	{Kosowsky}, A. and {Lau}, J.~M. and {Limon}, M. and {Lupton}, R.~H. and 
	{Martocci}, K. and {Mauskopf}, P. and {Menanteau}, F. and {Moodley}, K. and 
	{Moseley}, H. and {Netterfield}, C.~B. and {Niemack}, M.~D. and 
	{Page}, L.~A. and {Parker}, L. and {Quintana}, H. and {Reid}, B. and 
	{Sehgal}, N. and {Sherwin}, B.~D. and {Sievers}, J. and {Spergel}, D.~N. and 
	{Staggs}, S.~T. and {Swetz}, D.~S. and {Switzer}, E.~R. and 
	{Thornton}, R. and {Trac}, H. and {Tucker}, C. and {Warne}, R. and 
	{Wilson}, G. and {Wollack}, E. and {Zhao}, Y.},
   author = {{Marriage}, T.~A. and {Baptiste Juin}, J. and {Lin}, Y.-T. and 
	{Marsden}, D. and {Nolta}, M.~R. and {Partridge}, B. and ACT Collaboration},
    title = "{The Atacama Cosmology Telescope: Extragalactic Sources at 148 GHz in the 2008 Survey}",
  journal = {\apj},
archivePrefix = "arXiv",
   eprint = {1007.5256},
 primaryClass = "astro-ph.CO",
 keywords = {cosmic background radiation, galaxies: active, radio continuum: galaxies, surveys},
     year = 2011,
    month = apr,
   volume = 731,
      eid = {100},
    pages = {100},
      doi = {10.1088/0004-637X/731/2/100},
   adsurl = {http://adsabs.harvard.edu/abs/2011ApJ...731..100M},
  adsnote = {Provided by the SAO/NASA Astrophysics Data System}
}

@ARTICLE{2011ApJ...729...62D,
   long_author = {{Das}, S. and {Marriage}, T.~A. and {Ade}, P.~A.~R. and {Aguirre}, P. and 
	{Amiri}, M. and {Appel}, J.~W. and {Barrientos}, L.~F. and {Battistelli}, E.~S. and 
	{Bond}, J.~R. and {Brown}, B. and {Burger}, B. and {Chervenak}, J. and 
	{Devlin}, M.~J. and {Dicker}, S.~R. and {Bertrand Doriese}, W. and 
	{Dunkley}, J. and {D{\"u}nner}, R. and {Essinger-Hileman}, T. and 
	{Fisher}, R.~P. and {Fowler}, J.~W. and {Hajian}, A. and {Halpern}, M. and 
	{Hasselfield}, M. and {Hern{\'a}ndez-Monteagudo}, C. and {Hilton}, G.~C. and 
	{Hilton}, M. and {Hincks}, A.~D. and {Hlozek}, R. and {Huffenberger}, K.~M. and 
	{Hughes}, D.~H. and {Hughes}, J.~P. and {Infante}, L. and {Irwin}, K.~D. and 
	{Baptiste Juin}, J. and {Kaul}, M. and {Klein}, J. and {Kosowsky}, A. and 
	{Lau}, J.~M. and {Limon}, M. and {Lin}, Y.-T. and {Lupton}, R.~H. and 
	{Marsden}, D. and {Martocci}, K. and {Mauskopf}, P. and {Menanteau}, F. and 
	{Moodley}, K. and {Moseley}, H. and {Netterfield}, C.~B. and 
	{Niemack}, M.~D. and {Nolta}, M.~R. and {Page}, L.~A. and {Parker}, L. and 
	{Partridge}, B. and {Reid}, B. and {Sehgal}, N. and {Sherwin}, B.~D. and 
	{Sievers}, J. and {Spergel}, D.~N. and {Staggs}, S.~T. and {Swetz}, D.~S. and 
	{Switzer}, E.~R. and {Thornton}, R. and {Trac}, H. and {Tucker}, C. and 
	{Warne}, R. and {Wollack}, E. and {Zhao}, Y.},
   author = {{Das}, S. and {Marriage}, T.~A. and ACT Collaboration},
    title = "{The Atacama Cosmology Telescope: A Measurement of the Cosmic Microwave Background Power Spectrum at 148 and 218 GHz from the 2008 Southern Survey}",
  journal = {\apj},
archivePrefix = "arXiv",
   eprint = {1009.0847},
 primaryClass = "astro-ph.CO",
 keywords = {cosmic background radiation, cosmology: observations},
     year = 2011,
    month = mar,
   volume = 729,
      eid = {62},
    pages = {62},
      doi = {10.1088/0004-637X/729/1/62},
   adsurl = {http://adsabs.harvard.edu/abs/2011ApJ...729...62D},
  adsnote = {Provided by the SAO/NASA Astrophysics Data System}
}

@ARTICLE{2010ApJS..191..423H,
   long_author = {{Hincks}, A.~D. and {Acquaviva}, V. and {Ade}, P.~A.~R. and 
	{Aguirre}, P. and {Amiri}, M. and {Appel}, J.~W. and {Barrientos}, L.~F. and 
	{Battistelli}, E.~S. and {Bond}, J.~R. and {Brown}, B. and {Burger}, B. and 
	{Chervenak}, J. and {Das}, S. and {Devlin}, M.~J. and {Dicker}, S.~R. and 
	{Doriese}, W.~B. and {Dunkley}, J. and {D{\"u}nner}, R. and 
	{Essinger-Hileman}, T. and {Fisher}, R.~P. and {Fowler}, J.~W. and 
	{Hajian}, A. and {Halpern}, M. and {Hasselfield}, M. and {Hern{\'a}ndez-Monteagudo}, C. and 
	{Hilton}, G.~C. and {Hilton}, M. and {Hlozek}, R. and {Huffenberger}, K.~M. and 
	{Hughes}, D.~H. and {Hughes}, J.~P. and {Infante}, L. and {Irwin}, K.~D. and 
	{Jimenez}, R. and {Juin}, J.~B. and {Kaul}, M. and {Klein}, J. and 
	{Kosowsky}, A. and {Lau}, J.~M. and {Limon}, M. and {Lin}, Y.-T. and 
	{Lupton}, R.~H. and {Marriage}, T.~A. and {Marsden}, D. and 
	{Martocci}, K. and {Mauskopf}, P. and {Menanteau}, F. and {Moodley}, K. and 
	{Moseley}, H. and {Netterfield}, C.~B. and {Niemack}, M.~D. and 
	{Nolta}, M.~R. and {Page}, L.~A. and {Parker}, L. and {Partridge}, B. and 
	{Quintana}, H. and {Reid}, B. and {Sehgal}, N. and {Sievers}, J. and 
	{Spergel}, D.~N. and {Staggs}, S.~T. and {Stryzak}, O. and {Swetz}, D.~S. and 
	{Switzer}, E.~R. and {Thornton}, R. and {Trac}, H. and {Tucker}, C. and 
	{Verde}, L. and {Warne}, R. and {Wilson}, G. and {Wollack}, E. and 
	{Zhao}, Y.},
   author = {{Hincks}, A.~D. and ACT Collaboration},
    title = "{The Atacama Cosmology Telescope (ACT): Beam Profiles and First SZ Cluster Maps}",
  journal = {\apjs},
archivePrefix = "arXiv",
   eprint = {0907.0461},
 primaryClass = "astro-ph.CO",
 keywords = {cosmic background radiation, cosmology: observations, galaxies: clusters: general, methods: data analysis},
     year = 2010,
    month = dec,
   volume = 191,
    pages = {423-438},
      doi = {10.1088/0067-0049/191/2/423},
   adsurl = {http://adsabs.harvard.edu/abs/2010ApJS..191..423H},
  adsnote = {Provided by the SAO/NASA Astrophysics Data System}
}

@ARTICLE{2010MNRAS.408.1945M,
   author = {{McQuinn}, M. and {Switzer}, E.~R.},
    title = "{The HeI 584 {\AA} forest as a diagnostic of helium reionization}",
  journal = {\mnras},
archivePrefix = "arXiv",
   eprint = {1003.1744},
 primaryClass = "astro-ph.CO",
 keywords = {intergalactic medium, quasars: absorption lines, cosmology: theory},
     year = 2010,
    month = nov,
   volume = 408,
    pages = {1945-1955},
      doi = {10.1111/j.1365-2966.2010.17272.x},
   adsurl = {http://adsabs.harvard.edu/abs/2010MNRAS.408.1945M},
  adsnote = {Provided by the SAO/NASA Astrophysics Data System}
}

@ARTICLE{2010ApJ...723.1523M,
   long_author = {{Menanteau}, F. and {Gonz{\'a}lez}, J. and {Juin}, J.-B. and 
	{Marriage}, T.~A. and {Reese}, E.~D. and {Acquaviva}, V. and 
	{Aguirre}, P. and {Appel}, J.~W. and {Baker}, A.~J. and {Barrientos}, L.~F. and 
	{Battistelli}, E.~S. and {Bond}, J.~R. and {Das}, S. and {Deshpande}, A.~J. and 
	{Devlin}, M.~J. and {Dicker}, S. and {Dunkley}, J. and {D{\"u}nner}, R. and 
	{Essinger-Hileman}, T. and {Fowler}, J.~W. and {Hajian}, A. and 
	{Halpern}, M. and {Hasselfield}, M. and {Hern{\'a}ndez-Monteagudo}, C. and 
	{Hilton}, M. and {Hincks}, A.~D. and {Hlozek}, R. and {Huffenberger}, K.~M. and 
	{Hughes}, J.~P. and {Infante}, L. and {Irwin}, K.~D. and {Klein}, J. and 
	{Kosowsky}, A. and {Lin}, Y.-T. and {Marsden}, D. and {Moodley}, K. and 
	{Niemack}, M.~D. and {Nolta}, M.~R. and {Page}, L.~A. and {Parker}, L. and 
	{Partridge}, B. and {Sehgal}, N. and {Sievers}, J. and {Spergel}, D.~N. and 
	{Staggs}, S.~T. and {Swetz}, D. and {Switzer}, E. and {Thornton}, R. and 
	{Trac}, H. and {Warne}, R. and {Wollack}, E.},
   author = {{Menanteau}, F. and {Gonz{\'a}lez}, J. and {Juin}, J.-B. and 
	{Marriage}, T.~A. and {Reese}, E.~D. and ACT Collaboration},
    title = "{The Atacama Cosmology Telescope: Physical Properties and Purity of a Galaxy Cluster Sample Selected via the Sunyaev-Zel'dovich Effect}",
  journal = {\apj},
archivePrefix = "arXiv",
   eprint = {1006.5126},
 primaryClass = "astro-ph.CO",
 keywords = {cosmic background radiation, cosmology: observations, galaxies: clusters: general, galaxies: distances and redshifts, large-scale structure of universe},
     year = 2010,
    month = nov,
   volume = 723,
    pages = {1523-1541},
      doi = {10.1088/0004-637X/723/2/1523},
   adsurl = {http://adsabs.harvard.edu/abs/2010ApJ...723.1523M},
  adsnote = {Provided by the SAO/NASA Astrophysics Data System}
}

@ARTICLE{2010ApJ...722.1148F,
   long_author = {{Fowler}, J.~W. and {Acquaviva}, V. and {Ade}, P.~A.~R. and 
	{Aguirre}, P. and {Amiri}, M. and {Appel}, J.~W. and {Barrientos}, L.~F. and 
	{Battistelli}, E.~S. and {Bond}, J.~R. and {Brown}, B. and {Burger}, B. and 
	{Chervenak}, J. and {Das}, S. and {Devlin}, M.~J. and {Dicker}, S.~R. and 
	{Doriese}, W.~B. and {Dunkley}, J. and {D{\"u}nner}, R. and 
	{Essinger-Hileman}, T. and {Fisher}, R.~P. and {Hajian}, A. and 
	{Halpern}, M. and {Hasselfield}, M. and {Hern{\'a}ndez-Monteagudo}, C. and 
	{Hilton}, G.~C. and {Hilton}, M. and {Hincks}, A.~D. and {Hlozek}, R. and 
	{Huffenberger}, K.~M. and {Hughes}, D.~H. and {Hughes}, J.~P. and 
	{Infante}, L. and {Irwin}, K.~D. and {Jimenez}, R. and {Juin}, J.~B. and 
	{Kaul}, M. and {Klein}, J. and {Kosowsky}, A. and {Lau}, J.~M. and 
	{Limon}, M. and {Lin}, Y.-T. and {Lupton}, R.~H. and {Marriage}, T.~A. and 
	{Marsden}, D. and {Martocci}, K. and {Mauskopf}, P. and {Menanteau}, F. and 
	{Moodley}, K. and {Moseley}, H. and {Netterfield}, C.~B. and 
	{Niemack}, M.~D. and {Nolta}, M.~R. and {Page}, L.~A. and {Parker}, L. and 
	{Partridge}, B. and {Quintana}, H. and {Reid}, B. and {Sehgal}, N. and 
	{Sievers}, J. and {Spergel}, D.~N. and {Staggs}, S.~T. and {Swetz}, D.~S. and 
	{Switzer}, E.~R. and {Thornton}, R. and {Trac}, H. and {Tucker}, C. and 
	{Verde}, L. and {Warne}, R. and {Wilson}, G. and {Wollack}, E. and 
	{Zhao}, Y.},
   author = {{Fowler}, J.~W. and ACT Collaboration},
    title = "{The Atacama Cosmology Telescope: A Measurement of the 600 {\lt} ell {\lt} 8000 Cosmic Microwave Background Power Spectrum at 148 GHz}",
  journal = {\apj},
archivePrefix = "arXiv",
   eprint = {1001.2934},
 primaryClass = "astro-ph.CO",
 keywords = {cosmic background radiation, cosmology: observations},
     year = 2010,
    month = oct,
   volume = 722,
    pages = {1148-1161},
      doi = {10.1088/0004-637X/722/2/1148},
   adsurl = {http://adsabs.harvard.edu/abs/2010ApJ...722.1148F},
  adsnote = {Provided by the SAO/NASA Astrophysics Data System}
}

@ARTICLE{2010ApJ...719..763V,
   long_author = {{Vieira}, J.~D. and {Crawford}, T.~M. and {Switzer}, E.~R. and 
	{Ade}, P.~A.~R. and {Aird}, K.~A. and {Ashby}, M.~L.~N. and 
	{Benson}, B.~A. and {Bleem}, L.~E. and {Brodwin}, M. and {Carlstrom}, J.~E. and 
	{Chang}, C.~L. and {Cho}, H.-M. and {Crites}, A.~T. and {de Haan}, T. and 
	{Dobbs}, M.~A. and {Everett}, W. and {George}, E.~M. and {Gladders}, M. and 
	{Hall}, N.~R. and {Halverson}, N.~W. and {High}, F.~W. and {Holder}, G.~P. and 
	{Holzapfel}, W.~L. and {Hrubes}, J.~D. and {Joy}, M. and {Keisler}, R. and 
	{Knox}, L. and {Lee}, A.~T. and {Leitch}, E.~M. and {Lueker}, M. and 
	{Marrone}, D.~P. and {McIntyre}, V. and {McMahon}, J.~J. and 
	{Mehl}, J. and {Meyer}, S.~S. and {Mohr}, J.~J. and {Montroy}, T.~E. and 
	{Padin}, S. and {Plagge}, T. and {Pryke}, C. and {Reichardt}, C.~L. and 
	{Ruhl}, J.~E. and {Schaffer}, K.~K. and {Shaw}, L. and {Shirokoff}, E. and 
	{Spieler}, H.~G. and {Stalder}, B. and {Staniszewski}, Z. and 
	{Stark}, A.~A. and {Vanderlinde}, K. and {Walsh}, W. and {Williamson}, R. and 
	{Yang}, Y. and {Zahn}, O. and {Zenteno}, A.},
   author = {{Vieira}, J.~D. and {Crawford}, T.~M. and {Switzer}, E.~R. and SPT Collaboration},
    title = "{Extragalactic Millimeter-wave Sources in South Pole Telescope Survey Data: Source Counts, Catalog, and Statistics for an 87 Square-degree Field}",
  journal = {\apj},
archivePrefix = "arXiv",
   eprint = {0912.2338},
 primaryClass = "astro-ph.CO",
 keywords = {galaxies: high-redshift, submillimeter: galaxies, surveys},
     year = 2010,
    month = aug,
   volume = 719,
    pages = {763-783},
      doi = {10.1088/0004-637X/719/1/763},
   adsurl = {http://adsabs.harvard.edu/abs/2010ApJ...719..763V},
  adsnote = {Provided by the SAO/NASA Astrophysics Data System}
}

@ARTICLE{2010ApJ...718..632H,
   long_author = {{Hall}, N.~R. and {Keisler}, R. and {Knox}, L. and {Reichardt}, C.~L. and 
	{Ade}, P.~A.~R. and {Aird}, K.~A. and {Benson}, B.~A. and {Bleem}, L.~E. and 
	{Carlstrom}, J.~E. and {Chang}, C.~L. and {Cho}, H.-M. and {Crawford}, T.~M. and 
	{Crites}, A.~T. and {de Haan}, T. and {Dobbs}, M.~A. and {George}, E.~M. and 
	{Halverson}, N.~W. and {Holder}, G.~P. and {Holzapfel}, W.~L. and 
	{Hrubes}, J.~D. and {Joy}, M. and {Lee}, A.~T. and {Leitch}, E.~M. and 
	{Lueker}, M. and {McMahon}, J.~J. and {Mehl}, J. and {Meyer}, S.~S. and 
	{Mohr}, J.~J. and {Montroy}, T.~E. and {Padin}, S. and {Plagge}, T. and 
	{Pryke}, C. and {Ruhl}, J.~E. and {Schaffer}, K.~K. and {Shaw}, L. and 
	{Shirokoff}, E. and {Spieler}, H.~G. and {Stalder}, B. and {Staniszewski}, Z. and 
	{Stark}, A.~A. and {Switzer}, E.~R. and {Vanderlinde}, K. and 
	{Vieira}, J.~D. and {Williamson}, R. and {Zahn}, O.},
   author = {{Hall}, N.~R. and {Keisler}, R. and {Knox}, L. and {Reichardt}, C.~L. and 
	SPT Collaboration},
    title = "{Angular Power Spectra of the Millimeter-wavelength Background Light from Dusty Star-forming Galaxies with the South Pole Telescope}",
  journal = {\apj},
archivePrefix = "arXiv",
   eprint = {0912.4315},
 primaryClass = "astro-ph.CO",
 keywords = {cosmic background radiation, galaxies: abundances, large-scale structure of universe, submillimeter: diffuse background, submillimeter: galaxies},
     year = 2010,
    month = aug,
   volume = 718,
    pages = {632-646},
      doi = {10.1088/0004-637X/718/2/632},
   adsurl = {http://adsabs.harvard.edu/abs/2010ApJ...718..632H},
  adsnote = {Provided by the SAO/NASA Astrophysics Data System}
}

@ARTICLE{2010arXiv1007.3519C,
   author = {{Cooray}, A. and {Eales}, S. and {Chapman}, S. and {Clements}, D.~L. and 
	{Dore}, O. and {Farrah}, D. and {Jarvis}, M.~J. and {Kaplinghat}, M. and 
	{Negrello}, M. and {Melchiorri}, A. and et al.},
    title = "{The Herschel-SPIRE Legacy Survey (HSLS): the scientific goals of a shallow and wide submillimeter imaging survey with SPIRE}",
  journal = {ArXiv e-prints},
archivePrefix = "arXiv",
   eprint = {1007.3519},
 primaryClass = "astro-ph.CO",
 keywords = {Astrophysics - Cosmology and Extragalactic Astrophysics},
     year = 2010,
    month = jul,
   adsurl = {http://adsabs.harvard.edu/abs/2010arXiv1007.3519C},
  adsnote = {Provided by the SAO/NASA Astrophysics Data System}
}

@ARTICLE{2010ApJ...718..513C,
   author = {{Crawford}, T.~M. and {Switzer}, E.~R. and {Holzapfel}, W.~L. and 
	{Reichardt}, C.~L. and {Marrone}, D.~P. and {Vieira}, J.~D.},
    title = "{A Method for Individual Source Brightness Estimation in Single- and Multi-band Data}",
  journal = {\apj},
archivePrefix = "arXiv",
   eprint = {0912.2341},
 primaryClass = "astro-ph.CO",
 keywords = {methods: data analysis, methods: statistical, submillimeter: galaxies},
     year = 2010,
    month = jul,
   volume = 718,
    pages = {513-521},
      doi = {10.1088/0004-637X/718/1/513},
   adsurl = {http://adsabs.harvard.edu/abs/2010ApJ...718..513C},
  adsnote = {Provided by the SAO/NASA Astrophysics Data System}
}

@ARTICLE{2009PhRvD..80f3010M,
   author = {{McQuinn}, M. and {Switzer}, E.~R.},
    title = "{Redshifted intergalactic He+3 8.7 GHz hyperfine absorption}",
  journal = {\prd},
archivePrefix = "arXiv",
   eprint = {0905.1715},
 primaryClass = "astro-ph.CO",
 keywords = {Atomic processes and interactions, Fine and hyperfine structure, Intergalactic matter, quasar absorption and emission-line systems, Lyman forest},
     year = 2009,
    month = sep,
   volume = 80,
   number = 6,
      eid = {063010},
    pages = {063010},
      doi = {10.1103/PhysRevD.80.063010},
   adsurl = {http://adsabs.harvard.edu/abs/2009PhRvD..80f3010M},
  adsnote = {Provided by the SAO/NASA Astrophysics Data System}
}

@INPROCEEDINGS{2008SPIE.7020E..57B,
   long_author = {{Battistelli}, E.~S. and {Amiri}, M. and {Burger}, B. and {Devlin}, M.~J. and 
	{Dicker}, S.~R. and {Doriese}, W.~B. and {D{\"u}nner}, R. and 
	{Fisher}, R.~P. and {Fowler}, J.~W. and {Halpern}, M. and {Hasselfield}, M. and 
	{Hilton}, G.~C. and {Hincks}, A.~D. and {Irwin}, K.~D. and {Kaul}, M. and 
	{Klein}, J. and {Knotek}, S. and {Lau}, J.~M. and {Limon}, M. and 
	{Marriage}, T.~A. and {Niemack}, M.~D. and {Page}, L. and {Reintsema}, C.~D. and 
	{Staggs}, S.~T. and {Swetz}, D.~S. and {Switzer}, E.~R. and 
	{Thornton}, R.~J. and {Zhao}, Y.},
   author = {{Battistelli}, E.~S. and ACT Collaboration},
    title = "{Automated SQUID tuning procedure for kilo-pixel arrays of TES bolometers on the Atacama Cosmology Telescope}",
booktitle = {Society of Photo-Optical Instrumentation Engineers (SPIE) Conference Series},
     year = 2008,
   series = {Society of Photo-Optical Instrumentation Engineers (SPIE) Conference Series},
   volume = 7020,
    month = aug,
      eid = {702028},
      doi = {10.1117/12.789738},
   adsurl = {http://adsabs.harvard.edu/abs/2008SPIE.7020E..57B},
  adsnote = {Provided by the SAO/NASA Astrophysics Data System}
}

@INPROCEEDINGS{2008SPIE.7020E..44T,
   long_author = {{Thornton}, R.~J. and {Ade}, P.~A.~R. and {Allen}, C. and {Amiri}, M. and 
	{Appel}, J.~W. and {Battistelli}, E.~S. and {Burger}, B. and 
	{Chervenak}, J.~A. and {Devlin}, M.~J. and {Dicker}, S.~R. and 
	{Doriese}, W.~B. and {Essinger-Hileman}, T. and {Fisher}, R.~P. and 
	{Fowler}, J.~W. and {Halpern}, M. and {Hargrave}, P.~C. and 
	{Hasselfield}, M. and {Hilton}, G.~C. and {Hincks}, A.~D. and 
	{Irwin}, K.~D. and {Jarosik}, N. and {Kaul}, M. and {Klein}, J. and 
	{Lau}, J.~M. and {Limon}, M. and {Marriage}, T.~A. and {Martocci}, K.~L. and 
	{Mauskopf}, P. and {Moseley}, S.~H. and {Niemack}, M.~D. and 
	{Page}, L. and {Parker}, L.~P. and {Reidel}, J. and {Reintsema}, C.~D. and 
	{Staggs}, S.~T. and {Stryzak}, O.~R. and {Swetz}, D.~S. and 
	{Switzer}, E.~R. and {Tucker}, C. and {Wollack}, E.~J. and {Zhao}, Y.
	},
   author = {{Thornton}, R.~J. and ACT Collaboration},
    title = "{Opto-mechanical design and performance of a compact three-frequency camera for the Millimeter Bolometer Array Camera on the Atacama Cosmology Telescope}",
booktitle = {Society of Photo-Optical Instrumentation Engineers (SPIE) Conference Series},
     year = 2008,
   series = {Society of Photo-Optical Instrumentation Engineers (SPIE) Conference Series},
   volume = 7020,
    month = aug,
      eid = {70201R},
      doi = {10.1117/12.790078},
   adsurl = {http://adsabs.harvard.edu/abs/2008SPIE.7020E..44T},
  adsnote = {Provided by the SAO/NASA Astrophysics Data System}
}

@INPROCEEDINGS{2008SPIE.7020E..42H,
   long_author = {{Hincks}, A.~D. and {Ade}, P.~A.~R. and {Allen}, C. and {Amiri}, M. and 
	{Appel}, J.~W. and {Battistelli}, E.~S. and {Burger}, B. and 
	{Chervenak}, J.~A. and {Dahlen}, A.~J. and {Denny}, S. and {Devlin}, M.~J. and 
	{Dicker}, S.~R. and {Doriese}, W.~B. and {D{\"u}nner}, R. and 
	{Essinger-Hileman}, T. and {Fisher}, R.~P. and {Fowler}, J.~W. and 
	{Halpern}, M. and {Hargrave}, P.~C. and {Hasselfield}, M. and 
	{Hilton}, G.~C. and {Irwin}, K.~D. and {Jarosik}, N. and {Kaul}, M. and 
	{Klein}, J. and {Lau}, J.~M. and {Limon}, M. and {Lupton}, R.~H. and 
	{Marriage}, T.~A. and {Martocci}, K.~L. and {Mauskopf}, P. and 
	{Moseley}, S.~H. and {Netterfield}, C.~B. and {Niemack}, M.~D. and 
	{Nolta}, M.~R. and {Page}, L. and {Parker}, L.~P. and {Sederberg}, A.~J. and 
	{Staggs}, S.~T. and {Stryzak}, O.~R. and {Swetz}, D.~S. and 
	{Switzer}, E.~R. and {Thornton}, R.~J. and {Tucker}, C. and 
	{Wollack}, E.~J. and {Zhao}, Y.},
   author = {{Hincks}, A.~D. and ACT Collaboration},
    title = "{The effects of the mechanical performance and alignment of the Atacama Cosmology Telescope on the sensitivity of microwave observations}",
booktitle = {Society of Photo-Optical Instrumentation Engineers (SPIE) Conference Series},
     year = 2008,
   series = {Society of Photo-Optical Instrumentation Engineers (SPIE) Conference Series},
   volume = 7020,
    month = aug,
      eid = {70201P},
      doi = {10.1117/12.790020},
   adsurl = {http://adsabs.harvard.edu/abs/2008SPIE.7020E..42H},
  adsnote = {Provided by the SAO/NASA Astrophysics Data System}
}

@INPROCEEDINGS{2008SPIE.7020E..20Z,
   long_author = {{Zhao}, Y. and {Allen}, C. and {Amiri}, M. and {Appel}, J.~W. and 
	{Battistelli}, E.~S. and {Burger}, B. and {Chervenak}, J.~A. and 
	{Dahlen}, A.~J. and {Denny}, S. and {Devlin}, M.~J. and {Dicker}, S.~R. and 
	{Doriese}, W.~B. and {D{\"u}nner}, R. and {Essinger-Hileman}, T. and 
	{Fisher}, R.~P. and {Fowler}, J.~W. and {Halpern}, M. and {Hilton}, G.~C. and 
	{Hincks}, A.~D. and {Irwin}, K.~D. and {Jarosik}, N. and {Klein}, J. and 
	{Lau}, J.~M. and {Marriage}, T.~A. and {Martocci}, K.~L. and 
	{Moseley}, S.~H. and {Niemack}, M.~D. and {Page}, L. and {Parker}, L.~P. and 
	{Sederberg}, A. and {Staggs}, S.~T. and {Stryzak}, O.~R. and 
	{Swetz}, D.~S. and {Switzer}, E.~R. and {Thornton}, R.~J. and 
	{Wollack}, E.~J.},
   author = {{Zhao}, Y. and ACT Collaboration},
    title = "{Characterization of transition edge sensors for the Millimeter Bolometer Array Camera on the Atacama Cosmology Telescope}",
booktitle = {Society of Photo-Optical Instrumentation Engineers (SPIE) Conference Series},
     year = 2008,
   series = {Society of Photo-Optical Instrumentation Engineers (SPIE) Conference Series},
   volume = 7020,
    month = aug,
      eid = {70200O},
      doi = {10.1117/12.789864},
   adsurl = {http://adsabs.harvard.edu/abs/2008SPIE.7020E..20Z},
  adsnote = {Provided by the SAO/NASA Astrophysics Data System}
}

@INPROCEEDINGS{2008SPIE.7020E...6S,
   long_author = {{Swetz}, D.~S. and {Ade}, P.~A.~R. and {Allen}, C. and {Amiri}, M. and 
	{Appel}, J.~W. and {Battistelli}, E.~S. and {Burger}, B. and 
	{Chervenak}, J.~A. and {Dahlen}, A.~J. and {Das}, S. and {Denny}, S. and 
	{Devlin}, M.~J. and {Dicker}, S.~R. and {Doriese}, W.~B. and 
	{D{\"u}nner}, R. and {Essinger-Hileman}, T. and {Fisher}, R.~P. and 
	{Fowler}, J.~W. and {Gao}, X. and {Hajian}, A. and {Halpern}, M. and 
	{Hargrave}, P.~C. and {Hasselfield}, M. and {Hilton}, G.~C. and 
	{Hincks}, A.~D. and {Irwin}, K.~D. and {Jarosik}, N. and {Kaul}, M. and 
	{Klein}, J. and {Knotek}, S. and {Lau}, J.~M. and {Limon}, M. and 
	{Lupton}, R.~H. and {Marriage}, T.~A. and {Martocci}, K.~L. and 
	{Mauskopf}, P. and {Moseley}, S.~H. and {Netterfield}, C.~B. and 
	{Niemack}, M.~D. and {Nolta}, M.~R. and {Page}, L. and {Parker}, L.~P. and 
	{Reid}, B.~A. and {Reintsema}, C.~D. and {Sederberg}, A.~J. and 
	{Sehgal}, N. and {Sievers}, J.~L. and {Spergel}, D.~N. and {Staggs}, S.~T. and 
	{Stryzak}, O.~R. and {Switzer}, E.~R. and {Thornton}, R.~J. and 
	{Tucker}, C. and {Wollack}, E.~J. and {Zhao}, Y.},
   author = {{Swetz}, D.~S. and ACT Collaboration},
    title = "{Instrument design and characterization of the Millimeter Bolometer Array Camera on the Atacama Cosmology Telescope}",
booktitle = {Society of Photo-Optical Instrumentation Engineers (SPIE) Conference Series},
     year = 2008,
   series = {Society of Photo-Optical Instrumentation Engineers (SPIE) Conference Series},
   volume = 7020,
    month = aug,
      eid = {702008},
      doi = {10.1117/12.789876},
   adsurl = {http://adsabs.harvard.edu/abs/2008SPIE.7020E...6S},
  adsnote = {Provided by the SAO/NASA Astrophysics Data System}
}

@INPROCEEDINGS{2008SPIE.7019E..85S,
   long_author = {{Switzer}, E.~R. and {Allen}, C. and {Amiri}, M. and {Appel}, J.~W. and 
	{Battistelli}, E.~S. and {Burger}, B. and {Chervenak}, J.~A. and 
	{Dahlen}, A.~J. and {Das}, S. and {Devlin}, M.~J. and {Dicker}, S.~R. and 
	{Doriese}, W.~B. and {D{\"u}nner}, R. and {Essinger-Hileman}, T. and 
	{Gao}, X. and {Halpern}, M. and {Hasselfield}, M. and {Hilton}, G.~C. and 
	{Hincks}, A.~D. and {Irwin}, K.~D. and {Knotek}, S. and {Fisher}, R.~P. and 
	{Fowler}, J.~W. and {Jarosik}, N. and {Kaul}, M. and {Klein}, J. and 
	{Lau}, J.~M. and {Limon}, M. and {Lupton}, R.~H. and {Marriage}, T.~A. and 
	{Martocci}, K.~L. and {Moseley}, S.~H. and {Netterfield}, C.~B. and 
	{Niemack}, M.~D. and {Nolta}, M.~R. and {Page}, L. and {Parker}, L.~P. and 
	{Reid}, B.~A. and {Reintsema}, C.~D. and {Sederberg}, A.~J. and 
	{Sievers}, J.~L. and {Spergel}, D.~N. and {Staggs}, S.~T. and 
	{Stryzak}, O.~R. and {Swetz}, D.~S. and {Thornton}, R.~J. and 
	{Wollack}, E.~J. and {Zhao}, Y.},
   author = {{Switzer}, E.~R. and ACT Collaboration},
    title = "{Systems and control software for the Atacama Cosmology Telescope}",
booktitle = {Society of Photo-Optical Instrumentation Engineers (SPIE) Conference Series},
     year = 2008,
   series = {Society of Photo-Optical Instrumentation Engineers (SPIE) Conference Series},
   volume = 7019,
    month = aug,
      eid = {70192L},
      doi = {10.1117/12.790006},
   adsurl = {http://adsabs.harvard.edu/abs/2008SPIE.7019E..85S},
  adsnote = {Provided by the SAO/NASA Astrophysics Data System}
}

@PHDTHESIS{2008PhDT........22S,
   author = {{Switzer}, E.~R.},
    title = "{Small-scale anisotropies of the cosmic microwave background: Experimental and theoretical perspectives}",
 keywords = {Cosmic microwave background, CMB, Cosmological recombination, Calibration, Telescope systems},
   school = {Princeton University},
     year = 2008,
    month = jun,
   adsurl = {http://adsabs.harvard.edu/abs/2008PhDT........22S},
  adsnote = {Provided by the SAO/NASA Astrophysics Data System}
}

@ARTICLE{2008JLTP..151..690N,
   long_author = {{Niemack}, M.~D. and {Zhao}, Y. and {Wollack}, E. and {Thornton}, R. and 
	{Switzer}, E.~R. and {Swetz}, D.~S. and {Staggs}, S.~T. and 
	{Page}, L. and {Stryzak}, O. and {Moseley}, H. and {Marriage}, T.~A. and 
	{Limon}, M. and {Lau}, J.~M. and {Klein}, J. and {Kaul}, M. and 
	{Jarosik}, N. and {Irwin}, K.~D. and {Hincks}, A.~D. and {Hilton}, G.~C. and 
	{Halpern}, M. and {Fowler}, J.~W. and {Fisher}, R.~P. and {D{\"u}nner}, R. and 
	{Doriese}, W.~B. and {Dicker}, S.~R. and {Devlin}, M.~J. and 
	{Chervenak}, J. and {Burger}, B. and {Battistelli}, E.~S. and 
	{Appel}, J. and {Amiri}, M. and {Allen}, C. and {Aboobaker}, A.~M.
	},
   author = {{Niemack}, M.~D. and ACT Collaboration},
    title = "{A Kilopixel Array of TES Bolometers for ACT: Development, Testing, and First Light}",
  journal = {Journal of Low Temperature Physics},
     year = 2008,
    month = may,
   volume = 151,
    pages = {690-696},
      doi = {10.1007/s10909-008-9729-2},
   adsurl = {http://adsabs.harvard.edu/abs/2008JLTP..151..690N},
  adsnote = {Provided by the SAO/NASA Astrophysics Data System}
}

@ARTICLE{2008PhRvD..77h3008S,
   author = {{Switzer}, E.~R. and {Hirata}, C.~M.},
    title = "{Primordial helium recombination. III. Thomson scattering, isotope shifts, and cumulative results}",
  journal = {\prd},
   eprint = {astro-ph/0702145},
 keywords = {Background radiations, Radiative transfer, scattering},
     year = 2008,
    month = apr,
   volume = 77,
   number = 8,
      eid = {083008},
    pages = {083008},
      doi = {10.1103/PhysRevD.77.083008},
   adsurl = {http://adsabs.harvard.edu/abs/2008PhRvD..77h3008S},
  adsnote = {Provided by the SAO/NASA Astrophysics Data System}
}

@ARTICLE{2008PhRvD..77h3007H,
   author = {{Hirata}, C.~M. and {Switzer}, E.~R.},
    title = "{Primordial helium recombination. II. Two-photon processes}",
  journal = {\prd},
   eprint = {astro-ph/0702144},
 keywords = {Background radiations, Radiative transfer, scattering},
     year = 2008,
    month = apr,
   volume = 77,
   number = 8,
      eid = {083007},
    pages = {083007},
      doi = {10.1103/PhysRevD.77.083007},
   adsurl = {http://adsabs.harvard.edu/abs/2008PhRvD..77h3007H},
  adsnote = {Provided by the SAO/NASA Astrophysics Data System}
}

@ARTICLE{2008PhRvD..77h3006S,
   author = {{Switzer}, E.~R. and {Hirata}, C.~M.},
    title = "{Primordial helium recombination. I. Feedback, line transfer, and continuum opacity}",
  journal = {\prd},
   eprint = {astro-ph/0702143},
 keywords = {Background radiations, Radiative transfer, scattering},
     year = 2008,
    month = apr,
   volume = 77,
   number = 8,
      eid = {083006},
    pages = {083006},
      doi = {10.1103/PhysRevD.77.083006},
   adsurl = {http://adsabs.harvard.edu/abs/2008PhRvD..77h3006S},
  adsnote = {Provided by the SAO/NASA Astrophysics Data System}
}

@ARTICLE{2007ApOpt..46.3444F,
   long_author = {{Fowler}, J.~W. and {Niemack}, M.~D. and {Dicker}, S.~R. and 
	{Aboobaker}, A.~M. and {Ade}, P.~A.~R. and {Battistelli}, E.~S. and 
	{Devlin}, M.~J. and {Fisher}, R.~P. and {Halpern}, M. and {Hargrave}, P.~C. and 
	{Hincks}, A.~D. and {Kaul}, M. and {Klein}, J. and {Lau}, J.~M. and 
	{Limon}, M. and {Marriage}, T.~A. and {Mauskopf}, P.~D. and 
	{Page}, L. and {Staggs}, S.~T. and {Swetz}, D.~S. and {Switzer}, E.~R. and 
	{Thornton}, R.~J. and {Tucker}, C.~E.},
   author = {{Fowler}, J.~W. and {Niemack}, M.~D. and {Dicker}, S.~R. and ACT Collaboration},
    title = "{Optical design of the Atacama Cosmology Telescope and the Millimeter Bolometric Array Camera}",
  journal = {\ao},
   eprint = {astro-ph/0701020},
 keywords = {Arrays, Lens system design, Astronomical optics},
     year = 2007,
    month = jun,
   volume = 46,
    pages = {3444-3454},
      doi = {10.1364/AO.46.003444},
   adsurl = {http://adsabs.harvard.edu/abs/2007ApOpt..46.3444F},
  adsnote = {Provided by the SAO/NASA Astrophysics Data System}
}

@ARTICLE{2005PhRvD..72h3002S,
   author = {{Switzer}, E.~R. and {Hirata}, C.~M.},
    title = "{Ionizing radiation from hydrogen recombination strongly suppresses the lithium scattering signature in the CMB}",
  journal = {\prd},
   eprint = {astro-ph/0507106},
 keywords = {Intergalactic matter, quasar absorption and emission-line systems, Lyman forest, Big Bang nucleosynthesis, Background radiations, Observational cosmology},
     year = 2005,
    month = oct,
   volume = 72,
   number = 8,
      eid = {083002},
    pages = {083002},
      doi = {10.1103/PhysRevD.72.083002},
   adsurl = {http://adsabs.harvard.edu/abs/2005PhRvD..72h3002S},
  adsnote = {Provided by the SAO/NASA Astrophysics Data System}
}

@ARTICLE{2005NuPhS.143..571S,
   author = {{Switzer}, E. and {Abazajian}, K. and {Dodelson}, S. and {Habib}, S. and 
	{Heitmann}, K.},
    title = "{Massive Neutrinos and the Halo Model of Large Scale Structure}",
  journal = {Nuclear Physics B Proceedings Supplements},
     year = 2005,
    month = jun,
   volume = 143,
    pages = {571-571},
      doi = {10.1016/j.nuclphysbps.2005.01.236},
   adsurl = {http://adsabs.harvard.edu/abs/2005NuPhS.143..571S},
  adsnote = {Provided by the SAO/NASA Astrophysics Data System}
}

@ARTICLE{2005PhRvD..71d3507A,
   author = {{Abazajian}, K. and {Switzer}, E.~R. and {Dodelson}, S. and 
	{Heitmann}, K. and {Habib}, S.},
    title = "{Nonlinear cosmological matter power spectrum with massive neutrinos: The halo model}",
  journal = {\prd},
   eprint = {astro-ph/0411552},
 keywords = {Cosmology, Neutrino mass and mixing, Galaxy groups clusters and superclusters, large scale structure of the Universe},
     year = 2005,
    month = feb,
   volume = 71,
   number = 4,
      eid = {043507},
    pages = {043507},
      doi = {10.1103/PhysRevD.71.043507},
   adsurl = {http://adsabs.harvard.edu/abs/2005PhRvD..71d3507A},
  adsnote = {Provided by the SAO/NASA Astrophysics Data System}
}

